2752 4814
164 397 210 447 &tili
574 400 693 447 SANC'H
709 399 868 447 nuntiasti

160 482 286 534 uenatione
305 481 411 535 deiecit?
421 482 452 532 it
470 492 515 544 ego
526 482 652 531 ostendam
663 483 688 531 et
742 483 781 532 90.
793 485 850 543 cur,
868 477 1001 542 inquiunt,
1018 476 1103 528 Filius
1118 477 1252 527 Paterno!

159 551 282 599 Christum
296 550 390 599 hahere
406 549 485 610 tilios,
501 561 562 610 quos
577 548 688 610 quotidie
713 551 836 610 aetlQuia
847 550 953 599 otl’ater
971 548 1053 596 riuus
1074 559 1128 596 nou
1148 547 1254 596 est.tlnr

159 620 274 679 generat,
284 618 329 667 sad
339 630 369 667 aa
379 618 596 680 generatione,vel
601 617 689 733 fotius
713 632 763 668 non
770 619 818 667 iste
828 616 972 679 generavit!
983 616 1050 676 Quia
1062 628 1114 664 nec
1124 615 1171 664 ille
1182 627 1255 675 geno

159 685 363 746 regeneratione,
373 699 429 747 qua
438 685 567 746 potestatis
580 698 607 733 es
622 696 688 745 ‚uon
713 688 780 735 ratus
790 688 835 734 est.
844 687 893 734 Nec
905 685 965 734 ideo
976 685 1062 732 minus
1075 684 1155 732 hahet
1166 683 1254 741 lilius,

159 755 267 814 natnrae3
286 753 384 816 adoptio
402 753 469 803 anim
488 753 616 814 potestatis
634 753 688 812 est,
713 756 770 816 guia
790 755 862 803 Pater
880 766 930 802 non
944 753 1001 802 ests
1012 765 1066 802 nec
1081 753 1158 800 Pater
1177 752 1255 800 minna

159 822 286 880 generatio
293 822 459 883 proprietatis.
467 822 538 880 Quod
548 822 601 881 ipsa
608 821 689 880 Scrip·
713 820 1256 884 habetquialiiliusnoncst.Dixiteniml'i·

159 890 216 937 tura
230 902 274 938 nos
285 890 380 950 docuitg
392 891 453 939 dicit
470 890 537 938 enim
551 890 687 955 lohannes:
713 893 761 940 lius
772 905 779 939 ε
790 894 1019 952 Omniagunl'utcr
1027 891 1119 948 hahet,
1129 904 1187 938 suec
1195 891 1256 937 mc

159 958 218 1018 quia
228 961 253 1006 ia
264 959 310 1008 hoc
326 962 413 1008 mundo
423 962 475 1008 crat
481 992 490 1018 ,
504 962 527 1008 ct
537 961 638 1008 mandris
647 973 689 1020 per
713 961 779 1008 Adeo
791 961 917 1020 generatio
926 960 954 1006 iu
963 961 1076 1019 paterna
1087 958 1256 1020 proprietate,

158 1027 235 1086 iprum
244 1028 320 1087 factus
328 1030 360 1076 cst
365 1060 373 1086 ,
381 1031 403 1075 ct
410 1029 509 1075 mundus
518 1041 570 1074 cam
580 1039 689 1087 noncog·
713 1041 762 1076 non
771 1029 798 1076 in
807 1028 865 1086 jure
872 1028 910 1076 est
921 1025 1067 1086 potestatis.

159 1097 231 1143 novit.
247 1099 276 1144 ln
292 1099 390 1156 proprio
407 1097 485 1152 uenit,
496 1099 518 1143 et
533 1097 570 1144 sui
579 1109 632 1142 cum
641 1107 689 1141 noa
743 1098 783 1145 st.
796 1097 838 1144 Est
847 1095 959 1156 quasdam
970 1093 1125 1142 indistincta
1137 1092 1257 1142 dhtinm

158 1166 302 1223 receperunt.
325 1166 440 1225 Quoigmt
458 1166 537 1210 autem
556 1165 689 1222 receperunt
713 1161 1258 1223 incomprehensibilisetineuarrahiliasuh-

67 1228 69 1234 “
158 1233 565 1293 cam‚dcdititlispotcatotcm{ilios
575 1232 688 1290 Dcitieri,
713 1231 1256 1280 stantia'lrinitatis.Distinctionemetenim

159 1299 196 1348 hu
206 1303 248 1360 gui
257 1303 353 1349 credunt
363 1303 387 1347 in
403 1302 496 1347 nomine
506 1301 567 1360 cios.
713 1301 853 1361 accepimus
870 1299 947 1347 Patris
969 1300 996 1347 et
1016 1299 1084 1346 Filii
1102 1301 1130 1348 et
1154 1300 1256 1360 Spiritus

186 1369 230 1416 ·87.
242 1369 376 1416 Didicimus
387 1368 469 1428 itaque
479 1366 607 1428 potestatis
621 1379 688 1425 esse,
713 1368 807 1427 sancti,
828 1381 877 1416 nou
898 1366 1078 1416 contusionem
1094 1381 1103 1413 a
1120 1366 1257 1416 distinctio-

160 1437 227 1498 guod
241 1449 285 1485 nos
303 1437 366 1484 tilios
376 1437 422 1484 liei
440 1436 499 1484 tecit
515 1435 690 1496 :proprietatis
715 1449 785 1497 nem,
794 1450 842 1483 non
851 1437 1055 1497 separationem:
1069 1436 1257 1485 distinctionem

159 1503 690 1564 autemgenerationemesseoraculadirina
714 1517 762 1552 non
776 1507 952 1564 pluralitatem.
969 1505 1174 1566 Divinoitaque
1185 1503 1257 1552 admi-

159 1571 287 1618 declarant
297 1586 304 1616 ι
316 1572 377 1619 dicit
393 1572 459 1619 enirn
478 1571 604 1631 Sapientia
621 1572 689 1619 Dei:
714 1574 838 1634 randoque
855 1574 973 1634 mysterio
992 1576 1256 1632 manentemsemper

159 1642 202 1688 Es
214 1655 254 1688 oro
268 1643 382 1690 Attinimt
399 1642 503 1701 modici,
515 1641 562 1687 hoc
580 1643 631 1699 est,
641 1653 690 1687 non
714 1643 847 1702 accipimus
856 1643 1190 1703 Patrem,semperFilium,
1199 1655 1257 1690 sem-

129 1713 133 1717 ’
159 1710 260 1768 coacta,
280 1709 324 1758 sed
341 1709 497 1757 liherasnon
516 1705 631 1768 potestati
646 1709 690 1755 ob—
715 1711 1161 1771 perSpiritumsauctummouduos
1171 1712 1255 1768 Patres,

159 1780 250 1841 noxia,
268 1781 312 1828 sed
326 1781 383 1828 nata
401 1778 567 1841 generationis
587 1792 690 1839 arcano,
715 1791 763 1826 non
774 1779 834 1827 duos
842 1781 924 1840 Filios,
934 1793 985 1827 non
991 1780 1060 1828 duos
1070 1781 1192 1840 Spiritus.
1200 1782 1256 1828 tino

74 1860 77 1870 ·
159 1847 292 1908 privilegio
301 1847 473 1895 dominationis
483 1847 509 1894 et
517 1847 573 1906 jure
583 1847 690 1905 potesta·
715 1848 782 1895 eninr
791 1852 855 1898 Deus
861 1851 943 1907 Pater,
951 1862 1040 1909 coquo
1053 1851 1154 1908 omnia,
1162 1849 1255 1897 cinaris

159 1915 204 1964 tis.
215 1917 326 1977 Denique
343 1916 374 1964 de
393 1916 480 1963 eadem
492 1915 632 1975 Sapientia,
643 1915 690 1962 hoc
714 1917 779 1975 ipro.-
790 1920 813 1966 et
831 1931 892 1966 unas
901 1919 1021 1967 Donum
1034 1920 1126 1976 learns,
1140 1933 1187 1979 per
1196 1929 1255 1977 guen

161 1985 214 2045 est,
224 1984 255 2031 de
266 1984 371 2031 Domino
380 1984 452 2042 iesu,
464 1983 524 2030 alihi
535 1984 606 2029 Pater
615 1983 689 2030 dicit:
714 1987 809 2044 omnio,
820 1989 842 2034 et
853 1999 895 2035 noo
903 2001 946 2047 pcr
958 1988 1051 2046 ipsum.
1065 1987 1140 2035 Unus
1147 1989 1219 2034 natus
1227 1996 1254 2032 er

160 2055 203 2102 Ec
212 2057 277 2102 utero
287 2056 341 2101 ante
358 2053 480 2111 luciferam
491 2052 560 2112 genui
574 2053 604 2098 tr.
715 2055 786 2101 Patre
799 2055 917 2103 Dominus
926 2057 1014 2114 iesus,
1027 2056 1058 2103 et
1076 2056 1137 2103 ideo
1147 2053 1254 2116 unigeni-

191 2123 232 2170 88.
252 2121 322 2180 Quod
332 2122 419 2181 utique
437 2121 493 2167 ideo
504 2120 586 2178 dixit,
602 2121 691 2168 noant
715 2125 763 2170 tus.
777 2125 840 2172 Unus
857 2128 879 2172 et
893 2126 988 2184 spiritus
1006 2126 1134 2183 Sanctus,
1151 2126 1180 2173 ut
1196 2124 1252 2170 iden

161 2188 313 2248 corporalem
331 2189 413 2236 alnum
435 2188 585 2247 declararet,
603 2188 647 2236 sed
663 2190 691 2236 ut
716 2193 842 2252 Apostolus
852 2192 917 2240 dixit
930 2192 987 2240 :Sic
999 2194 1166 2253 accipimus,
1177 2193 1211 2239 sic
1221 2193 1252 2240 le·

160 2257 338 2318 proprietatem
353 2268 418 2304 vera
428 2255 594 2314 generationis
608 2256 691 2303 osten·
715 2261 807 2320 gimus,
816 2261 851 2308 sic
862 2264 986 2308 tenemus.
999 2261 1204 2309 Distinctionem
1211 2261 1251 2307 sci·

161 2324 242 2373 deret.
253 2327 314 2371 llam
330 2324 351 2372 si
362 2324 394 2371 ad
407 2325 558 2383 corporalem
580 2322 690 2385 reieras3
715 2340 781 2386 mus,
790 2329 883 2376 secreta
891 2329 1036 2375 nescimus:
1048 2341 1141 2376 causas
1152 2328 1250 2376 nondin-

161 2405 220 2453 ergo
235 2393 390 2453 omnipotens
407 2393 480 2440 Pater
498 2406 554 2440 cum
569 2393 652 2441 dolore
665 2399 690 2442 et
715 2395 837 2454 cutimus,
853 2398 1005 2443 sacramenta
1018 2409 1166 2446 servamus.

116 2496 120 2504 .
160 2463 321 2527 conceptione
341 2463 476 2522 generavit.
497 2462 546 2509 Sed
566 2462 643 2521 ahsit,
663 2465 690 2510 ut
744 2463 783 2510 92.
795 2463 897 2515 Facinus
912 2464 1105 2525 indignum,ut
1118 2466 1164 2526 qui
1184 2476 1247 2524 gene·

158 2532 279 2580 lleumex
288 2531 428 2578 infirmitate
436 2531 689 2591 corporismetiamur.
714 2531 816 2578 rationis
833 2545 883 2580 susa
902 2529 1053 2581 facultatem
1077 2547 1129 2581 non
1153 2533 1246 2589 hahent,

159 2600 202 2647 Est
218 2599 316 2659 quidam
336 2600 421 2647 uterus
439 2601 547 2659 paterna
576 2611 689 2645 arcanum
715 2597 805 2646 divinae
823 2600 989 2659 generationis
1000 2613 1118 2649 examen
1136 2602 1182 2648 sihi
1191 2612 1246 2647 arro-

160 2662 690 2727 substantiae,interiusquesecretum,quod
714 2669 787 2724 gent,
807 2668 935 2722 vindicent
960 2668 1136 2728 potestatem!
1165 2668 1245 2728 Negent

159 2746 211 2783 non
229 2736 328 2794 Angeli,
343 2748 393 2782 non
406 2735 567 2794 Archangeli,
584 2746 634 2781 non
645 2735 691 2781 Po·
715 2747 771 2792 ergo
789 2737 910 2796 aqualem
927 2738 995 2783 Patri
1006 2738 1120 2799 Filium,
1136 2739 1243 2798 quianon

127 2797 129 2802 ’
159 2804 275 2862 testatos,
287 2816 336 2851 non
346 2803 543 2861 nominationes,
551 2803 691 2863 nonaliqua
714 2805 841 2860 generavit
852 2805 941 2852 Filius·
951 2809 1048 2864 negent
1055 2809 1180 2867 mqualem
1190 2804 1242 2851 Patri

159 2873 326 2920 creaturarum
345 2872 425 2951 potuit
443 2872 574 2931 penetrare
592 2871 689 2918 natura.
715 2868 804 2915 Filium
811 2872 888 2930 ,qula
903 2872 1000 2928 Patrem
1019 2873 1113 2922 hahet.
1131 2872 1242 2920 llocside

158 2941 220 2988 Sum
235 2940 386 2988 Patreenim
407 2951 518 3009 semper,
535 2938 584 2987 et
577 2952 603 2986 ιιι
619 2940 689 2987 Patre
715 2936 856 2986 hominibus
867 2939 979 2986 dicerent
986 2954 1120 3000 quorum
1129 2942 1242 3002 aquurvo-

158 3021 258 3066 semper
273 3010 311 3057 est
326 3008 420 3055 Filius.
429 3021 486 3055 eum
495 3009 566 3056 Patre
582 3020 627 3068 pel·
640 3008 691 3056 dis-
714 3003 769 3050 lunt
785 3005 966 3066 filioshahere,
985 3021 1037 3056 nec
1050 3013 1172 3069 possunt,
1190 3009 1241 3065 iuju-

160 3074 307 3121 tinctionem
330 3075 537 3122 indissociabilem
563 3077 690 3125 Trinitatis
714 3084 776 3118 riam
786 3075 944 3133 putaremus
954 3089 990 3123 stc
1002 3078 1185 3126 etramsrrnter
1195 3078 1241 3124 duos

159 3140 295 3201 mternae,'
288 3153 315 3188 ιιι
325 3143 396 3188 Patre
411 3154 456 3202 por
467 3142 556 3190 divinae
566 3144 687 3192 unitatem
714 3139 805 3189 honore
821 3156 908 3203 pares,
927 3145 1034 3192 habenti
1054 3147 1124 3195 lilios
1144 3148 1186 3208 qui
1205 3156 1241 3191 non

158 3209 264 3258 naturae.
714 3208 788 3257 hahet
802 3213 934 3272 negaretur
943 3214 1064 3272 aequalis.
1078 3218 1110 3262 nt
1126 3217 1182 3264 ideo
1194 3216 1242 3270 troc,

189 3277 228 3326 89.
240 3278 299 3336 Quis
310 3278 385 3340 igitur
395 3277 438 3326 hic
449 3278 541 3327 arbiter
548 3278 687 3329 divinitatis
714 3276 827 3338 inquam,
847 3293 920 3339 grave
937 3283 964 3328 et
980 3280 1010 3328 de
1032 3283 1100 3343 ipsis
1116 3283 1241 3332 hominihus

157 3346 201 3406 qui
217 3346 332 3395 discutiat
349 3348 445 3395 Patrem
463 3360 490 3394 ac
509 3349 616 3397 Filium:
630 3350 688 3409 ille,
713 3345 826 3407 videtur,
841 3349 869 3397 ui
886 3349 940 3408 quis
960 3350 1017 3396 ideo
1035 3354 1126 3400 minor
1142 3353 1241 3414 putetur.

157 3427 234 3474 quare
246 3417 419 3474 generaverit:
432 3415 493 3475 iste,
502 3429 545 3463 cur
554 3430 602 3464 non
613 3430 688 3476 gene·
712 3415 777 3470 quod
788 3416 885 3464 Patrem
893 3417 977 3464 hahet.
986 3419 1042 3465 Nisi
1056 3421 1125 3469 torte
1133 3424 1242 3480 tamqnau

156 3484 266 3531 reveriti
274 3485 404 3532 servulum
413 3498 484 3532 suum
496 3488 539 3534 aut
549 3487 688 3533 ancillulam
712 3484 905 3545 constituturum
917 3485 1010 3532 inmitia
1023 3491 1124 3547 putant
1134 3491 1242 3538 Christum

157 3563 203 3598 cur
213 3564 261 3599 non
270 3553 518 3613 generaverit,nemo
527 3555 687 3603 condemnat:
712 3549 811 3613 dolere,
823 3554 887 3614 quod
906 3555 1087 3614 emancipatus
1103 3561 1197 3607 aPatre
1207 3568 1244 3604 nou

127 3639 130 3642 ·
156 3618 199 3668 isti
213 3621 448 3680 condemnant,cur
465 3634 512 3668 non
533 3625 687 3682 generaverit
712 3625 752 3682 sit,
775 3624 800 3670 et
820 3623 1007 3670 administrandi
1038 3629 1189 3684 patrimonii
1207 3635 1244 3672 nou

156 3688 280 3749 christus3
303 3689 466 3737 condemnant
484 3692 550 3738 enirn
572 3705 614 3738 sua
635 3692 688 3751 opi·
712 3691 802 3738 haheat
812 3690 963 3738 facultatem
974 3690 1025 3738 Sed
1034 3706 1093 3742 non
1102 3696 1245 3744 estChristns

155 3757 246 3817 nione,
268 3771 324 3806 curn
339 3758 413 3804 dero
399 3763 464 3818 ,ant
476 3760 524 3806 Nec
541 3760 685 3820 coniugibus
712 3760 737 3805 in
749 3758 836 3817 sacris,
847 3759 965 3818 quisacra
980 3759 1111 3811 universa
1128 3761 1245 3814 annuit

156 3824 224 3872 inter
234 3840 261 3874 so
273 3840 316 3874 cur
327 3840 374 3874 non
390 3828 576 3887 generaverint,
593 3832 635 3875 aut
646 3842 687 3875 cn·
740 3828 779 3874 93.
792 3827 916 3885 Quomodo
927 3826 1015 3875 volunt
1033 3830 1149 3895 tamen,
1160 3843 1247 3894 respon-

156 3891 358 3955 ritasminuitur,
369 3896 685 3956 animeritumderogatur:
711 3894 797 3954 deaut,
813 3907 904 3943 verane
925 3897 1061 3953 generatio
1079 3902 1132 3964 sit,
1152 3905 1248 3952 etseras

157 3957 200 4005 isti
211 3964 267 4020 quia
277 3976 325 4010 non
334 3966 471 4025 generavit,
477 3965 566 4013 tllrrrstr
572 3967 687 4015 minuunt
711 3965 788 4012 Filius
799 3977 832 4012 ex
843 3965 895 4011 lieo
905 3964 981 4013 Patre
995 3969 1096 4030 natus,
1108 3972 1159 4021 hoc
1169 3973 1217 4030 est,
1224 3979 1250 4017 rr

160 4031 316 4088 potestatem.
384 4042 398 4094 „·
710 4004 1253 4094 substantial’ntrls,ancxalienatussui·
