2752 4814
148 431 178 480 9¹⁴
539 435 662 479 sauc'rl
680 435 847 480 nuutiosrl

148 526 222 561 rens:
234 514 286 560 Nisi
293 509 499 572 converetfueritir,
507 516 530 562 ei
539 515 675 574 efficiamini
700 515 814 562 diderunt
824 511 1027 575 noblspropneta
1040 527 1047 561 τ
1061 512 1172 564 Thronus
1182 516 1230 563 oir-

147 582 205 628 eieut
214 596 271 642 puer
289 583 344 638 iate,
354 594 402 628 non
412 579 529 643 intrabitie
543 587 675 644 teregnum
700 584 754 630 tutia
765 584 882 631 exaltetur
892 585 941 642 eet,
952 582 979 628 iu
994 593 1024 629 co
1038 582 1149 640 scilicet,
1161 584 1231 640 cujus

148 650 268 696 coeluum.
700 653 809 700 elevatur
820 653 941 712 sapientia
952 652 984 699 ad
994 652 1153 700 altitudinem
1163 654 1232 700 veri-

176 717 215 764 58.
224 718 325 776 Quisest
333 730 389 778 ergo
397 731 459 778 puer
472 719 605 768 imitandus
618 733 675 781 apo·
700 721 765 767 tatis.
787 723 835 768 Nee
854 722 918 768 sicut
940 721 998 767 Cain
1019 720 1129 767 fraterna
1146 721 1231 778 specie

146 783 214 833 stolis
222 787 310 834 Christi
327 800 334 832 ε
351 799 410 833 num
428 799 493 835 uuus
508 801 541 835 ex
552 789 675 848 parvulis?
699 789 781 835 dolum
792 788 942 849 percussoris
953 788 1084 835 abscondat
1095 787 1231 846 :sedioris

146 854 203 901 liaec
220 855 296 914 igitur
315 855 393 902 virtus
414 856 597 915 apostolorum?
618 857 675 914 Quis
699 857 811 916 intraque
827 856 858 904 sit
873 856 959 903 trater.
977 857 1034 903 llaec
1049 857 1076 903 in
1091 857 1193 904 ellectu.
1204 859 1231 904 ln

136 933 204 982 ergo
215 923 292 982 puer?
305 925 340 970 Ne
354 924 417 970 torte
428 924 471 971 ille
483 925 513 971 de
529 937 577 984 quo
593 925 675 972 Esaias
698 925 816 983 mysterio
826 925 924 982 autem3
936 924 995 984 quia
1004 927 1073 983 prius
1085 925 1179 972 salvari
1189 939 1233 985 po·

146 990 207 1038 dicit
217 1005 224 1037 ε
235 995 298 1039 Puer
307 995 377 1039 notus
392 995 424 1039 cei
440 993 519 1050 nohis,
530 994 591 1051 filius
607 995 675 1040 dotus
698 994 782 1050 pulum
792 992 946 1051 ludaeorum,
957 1005 990 1038 ex
999 1004 1048 1051 quo
1059 994 1084 1040 et
1094 993 1233 1040 secuudum

144 1060 276 1108 celnodus?
291 1062 344 1118 lpse
363 1059 430 1106 enim
448 1060 494 1105 tibi
511 1072 573 1118 puer
590 1060 673 1106 dixit=
699 1072 797 1106 carnem
818 1059 870 1105 nati
889 1059 1002 1118 fuerant,
1018 1061 1176 1118 gestiebant:
1190 1063 1232 1110 sed

147 1128 210 1175 Tolle
220 1142 310 1175 nucem
322 1131 404 1185 tuom,
415 1130 437 1175 et
446 1142 539 1187 sequere
549 1142 595 1176 me.
608 1129 636 1175 nt
647 1130 675 1176 ut
699 1129 724 1175 et
735 1141 777 1188 pro
791 1129 920 1175 Chananea
930 1128 1035 1175 muliere
1046 1129 1231 1188 supplicarunt.

144 1207 258 1254 agnoscas
273 1209 378 1255 puerum
389 1209 396 1240 r
409 1198 467 1244 Cum
486 1198 673 1254 malediceretur,
698 1196 814 1243 Sciebant
831 1207 889 1252 ergo
901 1196 1057 1255 mysterium,
1071 1195 1140 1258 quod
1155 1199 1232 1245 utris-

143 1275 192 1310 noo
206 1266 353 1311 remaledixit
364 1267 615 1323 temperatorum,
627 1277 674 1311 nou
699 1277 746 1322 que
757 1262 854 1323 populis
864 1263 960 1310 vocatio
970 1263 1103 1310 deberetur
1112 1277 1120 1309 t
1129 1264 1174 1312 sed
1185 1265 1232 1313 ior·

144 1334 292 1390 repereram
304 1331 356 1378 haec
371 1330 408 1377 est
419 1331 486 1376 enirn
502 1330 610 1389 perlecta
625 1333 674 1378 vir·
699 1335 761 1380 tasse
772 1333 852 1380 adhuc
864 1332 975 1380 ordinem
984 1332 1138 1382 nesciebant.

144 1402 192 1447 tus.
211 1400 294 1459 ltaque
310 1399 336 1446 et
350 1399 377 1445 in
390 1399 500 1459 pueritia
512 1400 550 1446 est
563 1400 674 1459 quaedam
728 1401 767 1447 er.
780 1401 848 1448 Nunc
865 1400 1005 1448 distantiam
1020 1400 1124 1449 intende
1141 1404 1231 1451 verho-

112 1469 113 1474 ’
144 1468 293 1514 venerabilis
307 1479 403 1514 morum
419 1468 546 1526 senectus,
557 1470 583 1515 et
597 1469 624 1515 in
635 1481 675 1516 se·
698 1481 763 1515 rum.
771 1468 819 1515 Ubi
827 1468 858 1515 ad
869 1481 895 1515 se
905 1467 1010 1515 infantes
1019 1469 1138 1518 accedere
1147 1471 1231 1530 jubet,

144 1537 245 1584 nectute
267 1537 386 1585 innocens
407 1537 515 1597 pueritia
534 1551 541 1583 a
564 1541 674 1586 senectae
698 1539 727 1586 ut
742 1551 784 1587 eos
799 1539 840 1587 rel
856 1538 1043 1599 predicatione,
1057 1541 1099 1586 rel
1112 1552 1231 1589 manuum

144 1607 207 1652 enim
222 1606 359 1654 ammobilia
375 1608 422 1664 est,
433 1619 482 1654 coar
497 1608 622 1664 diuturna,
633 1621 675 1654 nec
698 1605 854 1666 impositione
863 1605 1035 1663 benediceret,
1044 1617 1135 1664 pueros
1146 1610 1232 1667 appel·

65 1710 69 1717 .
143 1685 241 1720 numae
250 1686 367 1719 canorum
376 1675 508 1734 computata
517 1689 525 1720 .·
535 1676 674 1729 unientem
698 1671 733 1718 lat
744 1686 750 1717 :
762 1672 804 1718 ubi
821 1670 935 1730 praecipu
949 1682 998 1717 uon
1015 1671 1230 1729 scandalizandos,

87 1750 89 1754 “
143 1743 199 1788 eunt
213 1754 293 1789 aenne
310 1741 423 1799 tremissia,
441 1743 464 1788 et
480 1745 539 1790 oetaa
553 1744 675 1790 senectutis
699 1738 1231 1798 pusillosvocatmonenimscandallzantur

109 1807 111 1811 ⁴
144 1810 194 1856 etta
203 1811 364 1857 immaculato.
375 1809 445 1856 Unde
456 1809 481 1856 et
490 1809 609 1869 scripturn
621 1811 673 1857 est:
698 1807 741 1867 qui
752 1807 885 1866 tanguntur
897 1819 912 1852 a
924 1806 1032 1865 Christo,
1047 1818 1097 1853 non
1111 1809 1230 1856 labuntur

144 1878 259 1937 Leuduie,
264 1881 340 1940 pueri,
347 1882 483 1937 Dominum,
489 1879 581 1927 laudate
590 1893 675 1928 aoruca
699 1875 742 1935 qui
752 1875 846 1922 Christo
858 1874 1022 1934 propinquant
1034 1887 1040 1919 =
1053 1874 1097 1922 sed
1113 1876 1231 1925 labuntur

143 1949 240 1994 Domini
247 1963 257 2007 ‚·
272 1947 330 2008 quia
341 1959 414 1995 nemo
424 1947 474 1995 nisi
484 1947 608 2008 perfectus
620 1949 675 1995 lan·
699 1943 737 1990 illi
746 1955 807 2003 quos
817 1945 918 2004 pusillos
933 1954 984 1989 non
998 1942 1076 1990 atatis
1090 1944 1230 2002 exiguitas,

87 2011 89 2015 “
144 2015 186 2063 dat
197 2017 336 2064 Dominum.
352 2019 425 2064 Nemo
442 2016 508 2063 enim
525 2018 579 2064 aicit
592 2019 675 2064 Domi.
699 2012 848 2059 sedrirtutis
858 2011 981 2070 pusillitas
988 2011 1056 2059 fecit.
1067 2011 1146 2058 Simul
1154 2014 1230 2060 etiarn

144 2085 357 2140 annumeremur·
368 2085 394 2129 ia
405 2081 496 2143 spiritu
505 2086 596 2132 acacio.
698 2080 770 2128 docet
783 2080 895 2127 infirmos
906 2092 956 2126 non
971 2092 1024 2127 esse
1037 2079 1171 2129 tentandos
1181 2094 1189 2140 ;
1199 2095 1231 2130 ne

176 2151 215 2197 59.
225 2149 402 2207 Quodvidetur
414 2152 445 2197 de
456 2151 569 2198 Ecclesiae
584 2151 674 2210 populo
698 2147 725 2193 in
739 2160 884 2194 noseorum
900 2147 992 2195 delicta
1010 2148 1151 2208 vertantur,
1166 2164 1231 2210 quo-

144 2219 329 2279 prophetatum,
340 2219 383 2279 qui
398 2219 481 2276 iunior
491 2220 614 2267 seniorem
629 2233 675 2280 po-
698 2229 752 2263 rum
762 2228 849 2276 preces
857 2216 889 2262 ad
901 2216 1047 2275 Dominum,
1060 2217 1104 2263 etsi
1115 2217 1162 2276 ipsi
1178 2219 1231 2266 vir·

144 2285 231 2345 pulum
244 2286 383 2332 ludaeorum
397 2287 496 2334 virtutis
507 2288 595 2334 studiis
603 2290 674 2334 ante·
698 2287 778 2333 tutum
794 2284 889 2331 meritis
905 2285 995 2331 infirmi
1007 2285 1068 2343 sint,
1078 2285 1230 2344 Angelorum

145 2352 201 2401 ivit.
211 2353 300 2401 Etideo
311 2354 457 2402 illudrdcce
465 2369 505 2414 ego
513 2358 535 2402 et
543 2358 610 2414 pueri
619 2358 673 2414 mei,
698 2355 781 2401 tamen
805 2353 948 2412 patrociniis
974 2354 1133 2401 evehuntur·
1148 2355 1230 2402 Nemo

145 2435 202 2481 quos
213 2424 292 2470 dodini
302 2421 367 2469 mitri.
374 2423 417 2469 leti
428 2425 485 2470 sunt
494 2424 565 2482 pueri
576 2424 618 2484 qui
627 2426 674 2472 Do-
698 2435 754 2482 ergo
762 2423 865 2471 irrideat
872 2435 1020 2482 pauperem,
1029 2423 1087 2482 quia
1097 2425 1230 2472 exacerbat

131 2523 134 2529 ,
145 2491 240 2537 minum
255 2492 321 2551 pullo
338 2491 413 2538 asinae
427 2493 602 2551 supervectum
616 2506 674 2552 pro·
698 2493 767 2540 illum
778 2493 821 2553 qui
832 2491 892 2540 fecit
903 2504 960 2539 eum
970 2505 976 2537 :
985 2504 1058 2538 nemo
1069 2492 1150 2539 tentet
1157 2493 1230 2540 iuva·

145 2560 252 2618 pbeticis
265 2560 366 2608 vocibus
377 2560 565 2620 prosequentes,
576 2560 674 2609 redem·
697 2563 788 2622 lidum,
800 2575 831 2609 ne
842 2563 946 2621 Angelos
957 2561 1030 2609 laedat
1040 2574 1047 2606 ε
1059 2573 1133 2608 nemo
1142 2563 1230 2622 praeci-

145 2628 238 2676 tionem
252 2629 362 2688 gentium
377 2629 474 2675 venisse
485 2629 600 2676 dicebant
611 2642 618 2676 ε
630 2631 672 2678 isti
697 2633 760 2691 pitet
776 2632 912 2691 infirmum,
928 2642 961 2678 ue
983 2631 1062 2679 solvat
1080 2630 1230 2678 beneficium

145 2698 202 2745 sunt
217 2698 287 2757 pueri
300 2699 340 2745 vel
352 2698 457 2745 infantes
472 2699 516 2757 qui
527 2698 615 2746 Christi
631 2701 673 2746 illa
698 2701 861 2748 Redemtoris.

146 2767 223 2812 ubera
248 2779 323 2824 super
342 2767 429 2813 vinum
449 2767 539 2812 haustu
561 2767 673 2824 pleniore
726 2769 766 2814 62.
779 2770 808 2814 ut
819 2768 875 2814 ideo
886 2768 949 2815 dixit
961 2782 968 2814 τ
981 2769 1023 2817 Voe
1035 2768 1188 2816 boiamundo
1199 2771 1229 2816 ab

35 2825 39 2832 '
65 2892 68 2897 .
146 2833 276 2879 suxerunt.
289 2836 328 2879 Ex
337 2848 376 2881 ore
387 2836 449 2880 enim
458 2835 585 2892 iactantiam
595 2836 616 2880 et
626 2835 674 2882 lec·
697 2837 1000 2895 ecaoua1u;quiacrncem
1009 2838 1108 2883 Domini
1117 2838 1230 2897 plerique

146 2904 243 2949 tentiam
251 2903 365 2961 perfecisti
376 2904 476 2950 taudem.
697 2905 837 2950 scandalum
851 2905 1008 2962 judicarunt,
1024 2917 1081 2952 curn
1092 2905 1231 2952 Dominicae

113 3024 120 3032 ‚
177 2969 315 3016 60.Durum
323 2972 405 3031 itaque
416 2970 538 3030 aliquibus
547 2972 571 3019 et
579 2970 673 3018 immite
697 2971 822 3020 humilitas
841 2973 960 3033 passionis
981 2973 1071 3020 nostrae
1094 2972 1128 3020 sit
1149 2985 1232 3019 sacra-

147 3038 226 3084 vidcri
241 3040 335 3098 potest,
346 3041 411 3098 quod
421 3040 535 3100 discipuli
547 3042 578 3087 ad
589 3042 674 3088 Domi·
697 3040 807 3084 mentum
823 3039 922 3097 salutis3
936 3038 964 3084 ut
977 3039 1119 3086 adoriamur
1129 3039 1231 3086 virtutis

127 3107 423 3173 ‘numiniantulosadire
433 3107 613 3167 prohibebant,
625 3108 674 3156 nisi
698 3107 819 3164 officium,
835 3119 958 3154 sumamus
973 3107 1123 3155 humilitatis
1142 3120 1232 3154 exem-

147 3176 187 3221 vel
209 3175 354 3234 mysterium
381 3175 516 3234 intelligas,
537 3176 578 3221 vel
598 3175 672 3223 affec·
697 3177 775 3236 plum.
787 3176 828 3222 Vae
842 3176 918 3234 igitur
928 3176 952 3222 ei
968 3177 1011 3234 qui
1027 3177 1054 3222 in
1066 3189 1166 3223 crucem
1184 3177 1233 3223 Do

148 3244 213 3301 turn3
228 3242 387 3302 nequeenim
404 3243 429 3288 id
442 3242 532 3289 invidae
548 3242 574 3288 in
585 3256 674 3302 pueros
697 3245 758 3291 mini
769 3257 816 3292 non
825 3244 970 3303 crediderit,
979 3245 1233 3303 quassandalizantur

147 3311 239 3359 mentis
259 3311 389 3370 asperitate
411 3310 551 3370 iaciebant,
570 3311 613 3358 sed
633 3325 674 3359 se·
698 3313 806 3360 infirmi:
821 3315 922 3374 Expedit
932 3317 954 3361 ei
963 3316 1155 3374 utaaapendoiur
1167 3317 1233 3362 moto

147 3380 211 3427 dulae
226 3380 351 3427 servitutis
363 3379 478 3438 obsequia
489 3379 592 3427 Domino
604 3378 674 3428 deie—
698 3384 804 3430 aunario
813 3383 839 3428 in
855 3383 912 3429 cotio
927 3383 989 3441 eiua,
1004 3385 1027 3429 et
1042 3385 1194 3444 &remeatur
1208 3387 1233 3430 in

146 3448 247 3506 rebant,
256 3460 287 3494 ne
299 3448 673 3506 comprimereturatnrbis.1)e·
697 3452 838 3510 nomadum
849 3454 930 3498 rueris.

145 3517 223 3578 nique
231 3515 291 3563 alibi
300 3516 416 3575 scriptum
425 3516 461 3562 est
470 3529 476 3560 :
486 3518 604 3575 hloqieter,
613 3532 674 3564 com·
728 3520 766 3566 65.
782 3521 810 3566 ln
825 3519 915 3566 divinis
926 3519 1027 3580 quidem
1037 3519 1166 3578 scripturis
1183 3533 1229 3567 nou

144 3589 251 3648 primunt
268 3588 289 3634 te
306 3586 389 3633 turbe.
407 3585 562 3632 Rusnuuunn
582 3586 673 3645 quippe
697 3588 830 3633 verborum
845 3586 952 3644 seriem,
969 3587 1014 3634 sed
1030 3598 1117 3633 rerum
1134 3587 1232 3645 pondus

63 3711 66 3715 A
146 3660 183 3704 est
194 3656 287 3703 utilitas
298 3655 391 3711 nostra,
401 3654 445 3700 ubi
456 3654 593 3701 divinitatis
608 3655 674 3713 inju-
698 3657 838 3702 examinare
848 3655 979 3713 debemus3
988 3656 1044 3714 plus
1054 3655 1123 3702 enim
1133 3656 1235 3714 prolicit

146 3724 182 3770 ria
199 3725 244 3772 cst.
257 3728 317 3785 Ergo
334 3724 454 3783 fugiamus
470 3725 623 3782 superbiam,
634 3738 674 3772 se·
697 3725 728 3770 ad
738 3724 895 3784 reprimenda
907 3724 1023 3784 peccata,
1034 3722 1143 3769 inauditi
1154 3735 1235 3782 gene-

146 3803 250 3848 quarnur
266 3794 387 3851 puerilem
403 3792 599 3850 simplicitatem,
616 3793 673 3851 quia
697 3793 731 3839 ris
752 3795 825 3852 atque
846 3791 962 3837 deformis
983 3791 1096 3837 belluina
1116 3792 1234 3849 quaedam

147 3859 674 3919 veritasadrersarlasuperbiae‚si1npllci-
697 3873 785 3918 pompa
805 3859 929 3918 supplicii.
948 3860 1041 3906 Tamen
1057 3871 1089 3904 ne
1110 3859 1153 3906 cui
1174 3860 1234 3905 hinc

146 3927 184 3973 tas
195 3926 277 3972 autern
292 3939 438 3974 concurrens
452 3926 565 3984 veritati,
577 3927 603 3971 in
621 3927 673 3985 ipsa
697 3939 794 3985 quoque
811 3928 953 3974 scandalum
968 3927 1102 3986 generetur
1117 3927 1233 3985 infirmo,

147 3991 287 4040 humilitate
305 3994 424 4040 sublimis.
438 3995 490 4040 Non
504 3993 571 4040 enirn
588 3993 614 4039 in
631 3993 674 4039 ab·
697 4005 747 4040 non
757 3994 833 4042 otiose
845 3995 917 4042 simul
931 3994 1036 4054 positam
1050 3994 1167 4053 putamus
1179 4007 1236 4042 mo·

145 4061 212 4119 jecto
222 4059 294 4109 corde
304 4059 399 4109 habitat
410 4062 489 4119 Deus,
501 4061 544 4108 sed
553 4061 616 4108 sicut
625 4061 673 4108 lra—
697 4062 746 4109 lam
755 4061 892 4121 asinariam,
902 4063 990 4110 collurn
1000 4061 1235 4122 hominie,proiun·
