2752 4814
153 394 198 444 530
370 361 373 369 Ι
540 396 667 442 arnoll
688 396 853 443 amunosll

151 491 224 538 supra
232 476 435 536 Dominum3atia
447 475 601 525 enimcamis
612 477 682 525 lndr-
708 489 756 525 uon
773 492 827 527 esse
847 469 945 532 Patrem
960 478 1017 526 alno
1035 479 1120 542 Filio,
1138 483 1166 531 et
1175 484 1250 532 solum

152 546 238 606 milne,
250 546 299 592 alia
308 544 446 593 diuinitatis
462 544 606 592 eternitas:
618 557 683 592 mors
708 548 787 596 Deum
798 560 847 595 non
859 546 965 607 intelligi
975 546 1070 595 Filium
1093 550 1153 598 aine
1165 552 1248 610 Patre3

152 612 684 673 carnisest‚immortalitaspotestatis.Quod
708 617 765 676 quia
783 614 918 664 secuudum
934 625 1036 662 carnem
1054 614 1144 666 iactus
1160 621 1250 680 tegitur

151 682 173 728 si
185 681 302 730 divinitas
310 681 370 729 iecit
379 680 683 742 nccaroridereteorrup-
708 683 753 732 Dei
771 684 862 743 Filius,
872 695 922 732 non
933 681 1200 734 secuudumdivinam
1208 701 1247 749 ge·

151 751 259 811 tionem,
280 764 335 812 quae
352 751 440 811 utique
462 752 608 815 corruptelae
630 751 683 798 erat
708 754 873 801 nerationem.

151 820 257 868 obnoxia
273 834 318 881 per
333 820 460 881 naturam3
482 819 604 881 quomodo
619 821 682 867 mori
738 821 777 868 2⁷.
798 823 825 868 lu
842 833 892 880 quo
907 819 995 868 autem
1009 819 1097 870 lactus
1109 823 1160 881 sit,
1171 837 1252 886 perna

151 890 234 951 posset
244 890 297 950 ipsa
309 889 443 939 divinitas?
627 905 633 915 ·
708 890 786 938 saneti
808 889 953 950 patriarchae
973 890 1102 950 loquutus
1124 893 1252 954 adseruit,

182 957 222 1006 22.
234 959 359 1017 Quomodo
369 959 539 1007 autemlurem
550 957 683 1008 inaccessi·
708 960 793 1008 dicens
812 972 819 1006 e
842 960 902 1021 Qato
913 960 1002 1020 repleto
1022 963 1061 1008 eat
1076 962 1153 1010 matie
1171 966 1251 1012 auimo

152 1027 229 1074 bitem
244 1040 293 1074 non
303 1028 398 1075 habitat
407 1027 499 1086 Filium
513 1040 570 1075 cum
585 1027 612 1074 in
627 1028 681 1075 sinu
708 1042 775 1088 meo,
787 1031 809 1076 et
823 1030 872 1077 otto
889 1041 941 1075 men
958 1027 1058 1087 interero
1075 1035 1253 1092 appropinquo·

152 1097 231 1144 Patris
242 1097 319 1145 Filius
330 1097 363 1145 sit
373 1110 380 1142 ε
390 1098 436 1144 lux
448 1097 531 1144 autem
540 1096 681 1156 Paler,lux
708 1098 747 1144 eit.
762 1098 901 1144 AEatimotoa
917 1108 970 1143 anm
987 1108 1042 1142 cunr
1062 1098 1252 1148 dcamdeatitur

152 1162 229 1211 ctiam
239 1164 291 1224 ipse
303 1166 336 1212 sit
347 1164 501 1225 Filiua3quia
509 1164 575 1211 Deus
581 1165 625 1212 lux
631 1164 684 1213 esti
708 1167 733 1212 in
752 1166 830 1212 tecam
841 1178 849 1211 .·
857 1165 933 1224 foetos
947 1164 1010 1210 sicut
1026 1163 1106 1212 homo
1121 1167 1173 1214 ciue
1187 1168 1252 1227 odia·

153 1231 232 1280 nutsi
244 1233 406 1280 aliamlucem
422 1232 617 1280 inaccessibilem
633 1232 682 1280 nisi
709 1235 768 1282 torio
786 1235 848 1282 inter
868 1235 973 1280 mortuno
992 1231 1066 1280 tiber.
1088 1235 1122 1282 Et
1138 1235 1180 1283 hie
1197 1240 1252 1285 cient
1275 1250 1277 1252 ·

152 1300 253 1350 deitatis
284 1302 414 1363 putamus,
443 1299 564 1360 numquid
592 1301 682 1347 metior
707 1301 791 1361 tromo,
809 1301 907 1362 inquit,
925 1299 1062 1347 nonsicut·
1077 1303 1166 1363 Deus,
1179 1305 1252 1352 lactus

153 1370 224 1417 Patre
234 1371 280 1418 tux
290 1373 340 1430 est3
360 1370 449 1418 utnon
470 1370 541 1417 sitin
557 1370 630 1428 tuce,
640 1369 682 1429 qui
707 1382 771 1417 sum.
791 1370 821 1417 ut
840 1371 928 1430 repleto
944 1371 979 1416 eet
991 1371 1067 1418 mdia
1086 1374 1253 1421 animemed:

152 1437 345 1498 sicutsoriptum
357 1439 408 1497 est,
419 1440 444 1486 et
456 1437 624 1497 apudt’atrem
635 1438 681 1497 est,
708 1437 790 1485 anima
809 1437 911 1497 utique,
931 1447 982 1484 non
1008 1436 1148 1487 divinitas.
1171 1440 1253 1488 Faetus

153 1506 180 1553 et
189 1506 216 1554 in
224 1507 312 1555 Patre?
321 1509 373 1554 Non
385 1519 442 1566 ergo
450 1507 565 1566 separent
572 1507 664 1553 Filium
674 1539 681 1565 ,
709 1506 745 1552 est
757 1506 836 1566 ineo,
846 1506 873 1552 in
882 1516 930 1566 quo
941 1505 997 1552 erat
1006 1504 1125 1554 internis
1139 1507 1250 1556 debitus:

153 1587 210 1622 eum
221 1575 305 1634 tegunt
321 1577 400 1623 solum
417 1576 496 1622 Deum
507 1587 514 1619 r
527 1586 573 1621 nee
587 1576 683 1622 Patrem
708 1572 786 1620 lactus
795 1575 832 1621 est
846 1574 871 1620 in
883 1585 925 1632 eo,
943 1573 1033 1632 inquo
1047 1586 1115 1622 cum
1126 1577 1184 1624 aliis
1193 1576 1252 1624 aesti-

52 1675 55 1679 Δ
153 1645 348 1702 separent,cum
358 1644 444 1702 legunt
453 1641 543 1688 Filium
554 1642 644 1689 sotum.
709 1641 789 1686 matus
808 1640 858 1699 est3
880 1639 1002 1686 diviuitas
1023 1639 1103 1688 enim
1115 1643 1251 1690 similitudi·

183 1710 258 1756 thiu
269 1710 342 1758 terris
352 1710 430 1757 Filius
440 1709 683 1766 sinePatrenoncst‚
709 1719 766 1754 nem
783 1707 920 1755 collationis
937 1707 1052 1766 abjurat.
1075 1710 1110 1757 ut
1132 1711 1251 1759 tamenin

154 1775 681 1839 otputasqularatersinoliliontmcoelo?
709 1775 762 1835 ipsa
782 1788 856 1823 carno
874 1775 947 1823 morti
967 1777 1090 1824 obnoxia
1099 1779 1250 1837 majestatem

61 1870 62 1873 ¹
154 1848 261 1895 incarne
270 1849 308 1894 eat
318 1847 409 1907 Filius,
426 1858 484 1894 cum
499 1844 556 1891 dieo
571 1845 597 1890 in
608 1857 682 1892 carne
708 1845 809 1894 adverte
818 1844 955 1892 divinitatis
966 1844 995 1893 in
1006 1845 1127 1896 Christo.
1140 1850 1170 1897 nt
1179 1849 1199 1896 si
1208 1849 1250 1896 tac·

13 4208 103 4497 5

155 1916 208 1976 est,
218 1917 260 1964 rel
269 1916 295 1963 in
307 1915 394 1975 terris,
403 1915 538 1963 seeundum
555 1915 683 1974 Evangelii
708 1913 748 1959 tus
758 1912 796 1960 est
806 1912 869 1960 nem
879 1912 951 1980 horno
961 1945 970 1972 ,
981 1913 1008 1960 et
1024 1914 1101 1963 sicut
1111 1929 1171 1964 caro
1181 1917 1253 1963 iactos

153 1985 266 2045 tempora
275 1985 375 2045 loquor3
389 1996 455 2031 nune
466 1982 533 2030 enim
548 1981 684 2029 secundum
709 1981 761 2040 est3
778 1981 858 2029 iactus
876 1984 914 2029 est
935 1982 1024 2030 tamen
1042 1983 1120 2032 inter
1151 1987 1253 2034 mortuos

155 2065 255 2100 caruem
273 2054 325 2113 jam
346 2065 395 2099 non
410 2051 524 2099 norimus
542 2049 682 2097 Christum:
708 2049 785 2108 liber,
797 2050 895 2097 etliher
905 2050 959 2098 sine
971 2052 1120 2109 adiutorio.

155 2133 212 2180 ergo
223 2120 249 2167 in
269 2133 341 2168 earne
362 2121 398 2167 est
419 2120 511 2179 Filius,
525 2119 624 2166 etsolus
634 2129 683 2164 nou
738 2117 778 2165 28.
795 2118 844 2166 Sed
859 2117 981 2178 quomodo
996 2118 1047 2166 hio
1060 2121 1123 2169 sine
1138 2122 1251 2183 adjutorio

156 2188 206 2247 cst,
218 2188 352 2234 secundum
369 2187 434 2247 quod
454 2186 572 2246 seriptum
583 2189 621 2234 est
634 2199 641 2232 r
652 2188 684 2234 nt
709 2185 784 2236 iuisae
795 2200 821 2235 se
832 2186 993 2246 Filiusdieit‚
1004 2200 1070 2237 cum
1080 2192 1252 2252 supradictum

155 2269 204 2303 non
212 2269 263 2304 corn
271 2258 347 2313 sotus,
356 2259 492 2317 qnioPoter
501 2269 592 2304 meeum
602 2258 648 2316 θείς
659 2257 685 2303 et
709 2256 741 2304 sit
752 2268 758 2302 r
770 2259 844 2305 Posui
866 2256 1012 2315 adjutorium
1027 2272 1110 2320 super
1126 2260 1251 2321 potentemi

156 2323 300 2385 putasquod
311 2324 344 2371 sit
354 2324 426 2371 Pater
437 2325 502 2372 solus
511 2325 539 2370 in
550 2322 623 2372 lucet
710 2325 770 2384 Ergo
782 2325 808 2371 et
819 2324 859 2372 hic
871 2323 996 2384 distingue
1015 2329 1141 2376 naturas.
1158 2330 1250 2387 Adiuto

186 2391 226 2439 tt.
243 2394 276 2440 nt
294 2404 326 2439 ne
348 2392 393 2439 hoc
413 2393 584 2452 argumentum
596 2391 683 2452 putes,
709 2394 774 2440 rium
785 2405 841 2441 raro
852 2392 940 2451 habet,
958 2393 1095 2444 divinitus
1113 2411 1164 2445 non
1175 2398 1251 2446 habet.

156 2461 240 2521 accipe
251 2460 325 2508 edam
341 2460 525 2508 testimonium:
537 2463 628 2517 Deum,
645 2460 684 2506 in·
710 2461 782 2510 Liber
804 2463 879 2521 igitur
897 2463 947 2520 est,
964 2463 1027 2522 quia
1054 2467 1153 2514 mortis
1161 2467 1251 2514 vincula

156 2528 223 2590 quit,
233 2543 301 2577 nemo
313 2531 369 2577 vidit
377 2544 505 2590 umquam,
523 2531 571 2576 otei
579 2530 685 2589 anioeni-
709 2530 829 2589 nescirit3
840 2543 889 2577 non
900 2531 986 2588 captus
998 2531 1031 2577 ab
1044 2531 1157 2595 inieris,
1166 2532 1251 2593 sednui

157 2599 193 2644 tos
213 2598 300 2655 Filius,
313 2598 354 2655 qni
371 2599 403 2644 ert
423 2600 448 2643 in
465 2599 518 2645 sinn
531 2599 626 2654 Patria,
639 2599 684 2656 ipse
710 2600 824 2656 operatus
840 2598 908 2646 sitin
921 2598 1030 2646 internis
1043 2615 1051 2646 ι
1063 2601 1126 2648 sine
1139 2603 1251 2661 adjutorio

156 2668 282 2712 enomaoil.
305 2665 430 2722 Quomodo
450 2667 515 2712 solus
531 2666 616 2725 Pater,
627 2666 647 2712 si
659 2667 694 2712 in·
711 2669 761 2726 est3
784 2668 841 2726 quta
858 2678 938 2727 neque
956 2677 1004 2724 pur
1024 2671 1251 2730 nuntium‚nequc

156 2733 212 2779 sinu
222 2734 300 2780 Patris
311 2734 387 2780 Filius
396 2733 449 2780 est?
459 2734 579 2793 quomodo
588 2734 686 2781 enarrat
710 2748 754 2794 per
765 2737 889 2795 legatum,
900 2735 944 2782 sed
959 2736 1015 2795 ipse
1029 2750 1084 2796 per
1101 2753 1129 2787 se
1142 2741 1252 2787 Dominus

156 2813 230 2860 quem
239 2800 380 2849 nonrideti
395 2803 446 2848 Non
462 2814 518 2860 ergo
528 2803 593 2848 solus
604 2803 684 2849 Pater.
711 2805 805 2852 salvum
816 2803 874 2852 iecit
894 2805 1015 2864 populum
1025 2818 1121 2855 suum.
1134 2807 1250 2866 Quomodo

186 2869 226 2916 an.
238 2870 401 2929 Accipenunc
411 2869 436 2917 ct
447 2871 525 2917 solum
537 2870 648 2929 Patrem,
661 2872 686 2918 et
711 2873 778 2919 enim
799 2872 880 2933 potuit
901 2871 1064 2929 adjutorium
1089 2877 1132 2923 sui
1153 2876 1250 2935 eorporis

157 2939 236 2986 solum
255 2940 352 2987 Filium.
369 2939 438 2988 Solus
457 2940 543 2999 Pater,
554 2939 611 3000 quia
624 2932 686 2987 attus
711 2940 1027 3001 quaereresuscitandi,qui
1037 2941 1250 2992 aliossuscitaritl

157 3008 228 3054 Pater
239 3020 288 3054 non
299 3009 336 3054 est
345 3022 352 3052 r
361 3009 426 3056 solus
441 3009 531 3066 Filius,
549 3008 607 3069 quia
622 3008 687 3055 atius
740 3011 779 3057 29.
792 3011 893 3057 delicet
903 3009 1018 3057 homines
1031 3025 1143 3072 quoque
1155 3014 1250 3061 suscita·

158 3073 233 3119 Filius
253 3086 302 3120 non
324 3076 360 3121 ost
376 3089 383 3119 a
404 3076 469 3123 solus
480 3076 627 3136 Deus,quia
637 3089 686 3125 uua
712 3078 792 3126 verint
802 3079 925 3136 mortuos3
937 3089 988 3124 non
1001 3079 1029 3124 in
1046 3091 1098 3128 sua
1110 3082 1196 3128 tamen
1206 3082 1250 3129 rir-

158 3138 275 3188 diuinitas
285 3140 411 3188 'trinitatis
422 3144 468 3190 est.
712 3147 900 3206 tutelensium,
921 3146 967 3193 sed
989 3146 1016 3192 in
1036 3149 1139 3197 Christi
1149 3149 1249 3196 nomine.

395 3250 454 3264 ....
712 3216 783 3263 itliud
793 3215 830 3262 est
841 3227 941 3275 rogare,
954 3215 1028 3262 aliud
1036 3216 1172 3278 imperare
1179 3232 1185 3265 :
1192 3216 1250 3265 aliud

318 3321 445 3397 CAPUT
465 3322 525 3409 'lv‘
712 3283 1100 3414 mgrtind’liilslueffgffioffigitavit,
1113 3356 1158 3404 sed
1166 3354 1250 3412 orarit¹

159 3418 270 3460 Christum
279 3423 362 3460 nonnisi
372 3422 491 3460 secundum
502 3432 589 3460 carnem
602 3423 685 3461 facturn
710 3432 759 3467 lloll
770 3420 910 3480 imperavit.
931 3420 1039 3468 Elisaeus
1051 3425 1192 3472 suscitavit
1204 3436 1249 3472 coll·

181 3475 685 3538 narrarmqmppequr'urnominesredlmerer,
711 3485 1249 3550 figuratusmortuoasuscitavitetiamipsias

181 3536 224 3565 non
234 3531 317 3576 eguerit
327 3529 447 3575 amulone,
459 3533 514 3565 sicut
525 3539 565 3567 nec
577 3533 603 3566 ut
617 3540 637 3566 se
649 3541 687 3567 re·

181 3582 301 3626 suscitarem
314 3592 365 3620 eum
381 3583 425 3619 allis
433 3586 458 3619 ut
467 3586 564 3620 mortuos
575 3585 686 3621 resuscita·
711 3557 800 3602 mortni
812 3556 919 3615 ⁰⁰fp⁰ri⁸
934 3556 1016 3634 ΜΨ
1028 3571 1037 3616 3
1065 3561 1098 3607 ut
1111 3565 1180 3609 esset
1190 3564 1250 3637 (ΥΡῙξς

182 3638 243 3682 reni,
251 3636 347 3673 oratione
359 3645 411 3682 opus
423 3635 496 3673 suern.
509 3635 551 3673 ursi
559 3639 631 3672 aurem
644 3638 686 3684 ipse
711 3625 842 3672 venturum
850 3637 906 3671 eum
915 3636 958 3683 qur
967 3636 1066 3673 missus
1078 3628 1107 3675 in
1117 3629 1250 3678 similitudi·

181 3689 329 3752 orauerithoc
337 3688 509 3727 referendumad
518 3689 685 3754 humanitatem:
710 3706 768 3741 nem
788 3694 868 3741 camis
895 3693 1010 3753 peccati,
1031 3697 1121 3744 etiam
1151 3700 1251 3760 sepultus

182 3741 315 3804 divinitatem
330 3753 381 3806 roro
395 3753 420 3780 ex
430 3753 455 3782 eo
463 3743 523 3806 quod
535 3748 685 3806 imperaverit,
711 3763 817 3809 mortuos
827 3762 967 3810 suscitaret·

181 3796 340 3841 aestimandam
361 3807 382 3834 m
402 3807 446 3844 quo
468 3797 565 3834 diabolus
588 3796 686 3836 Arrianis

181 3850 323 3895 anteponitur.
332 3850 391 3888 Tum
407 3851 499 3898 exposito
510 3860 551 3888 cur
560 3851 627 3888 Filius
644 3851 684 3888 ho·
741 3832 778 3877 δι’
792 3832 878 3878 Petrus
889 3842 985 3890 quoque
995 3844 1060 3880 cum
1074 3837 1181 3885 AEssessm
1193 3847 1251 3883 Cim·

182 3900 244 3938 minis
259 3907 331 3949 potens
345 3904 444 3949 dicatur,
458 3904 581 3952 argumenti
595 3904 686 3952 ponitur
711 3901 765 3960 ret,
777 3901 828 3948 ait:
839 3903 867 3947 In
876 3901 970 3946 noml'tle
978 3903 1038 3948 lesu
1051 3906 1188 3953 Nazarelrl'
1195 3918 1252 3961 surde

182 3955 293 3994 ‘⁰⁰⁰¹¹¹⁵⁵⁰·
673 3991 680 4004 ·
710 3971 733 4016 et
743 3969 908 4015 nmbtctnrnon
917 3967 1059 4029 insumit,
1074 3974 1124 4020 sed
1137 3974 1162 4020 iu
1173 3972 1252 4021 curin

190 4027 229 4075 26.
239 4029 312 4080 sarrs
325 4046 380 4094 ergo
393 4037 467 4084 claret
483 4037 508 4085 ct
519 4038 595 4086 sotum
608 4036 684 4085 Deum
711 4036 820 4085 nomine.
836 4036 911 4097 Surge
930 4034 1017 4085 nutem
1036 4042 1156 4092 verbum
1169 4044 1206 4092 est
1216 4044 1253 4089 in·
