2752 4814
306 419 488 465 exeoswlo
504 418 537 463 in
553 417 680 468 Lucam,
699 417 797 463 uiuum
811 417 965 462 DECIMUS.
1135 411 1178 462 ¹55

94 499 559 563 niromauebautinsigniarulnerum,
570 512 624 548 ves·
649 498 699 558 iam
719 499 760 548 die
779 499 822 559 qul
840 488 939 546 fuerant
957 494 1061 558 ingrcssi
1079 508 1178 543 manare

49 569 51 573 ’
94 569 154 627 ligia
176 569 335 629 cicatricum,
356 582 410 630 quae
432 569 550 616 Dominus
570 568 625 628 pal·
650 580 707 614 cum
719 568 890 628 Domiuo‚ubi
906 567 987 615 illese
1004 564 1106 625 repente
1121 565 1179 610 sub·

94 636 175 693 panda
185 636 293 686 obtulit?
303 638 331 684 ln
342 650 391 697 quo
401 649 451 685 noa
462 638 541 684 solum
550 635 623 683 iidem
652 637 739 695 duxit,
751 637 836 685 eadem
847 637 907 684 bora
917 635 948 683 ad
956 634 1088 694 discipulos
1095 633 1122 679 bi
1131 632 1180 679 duo

95 703 191 764 firmat,
208 704 251 752 sed
269 703 343 753 etiam
364 705 520 753 devotionem
539 703 624 764 acuit3
651 717 774 752 remeasse
786 705 933 765 produntur,
950 703 1047 764 quando
1062 701 1180 748 Dominus

94 772 274 831 quadrulnera
287 774 401 832 suscepta
420 773 547 833 prenobis
563 774 626 820 coelo
651 773 802 834 palpandum
821 786 847 821 se
866 774 955 821 obtulit
973 772 982 834 )
1001 773 1027 821 et
1045 770 1180 820 secundum

96 839 188 888 inferre
199 841 300 901 malusii,
313 841 413 888 abolere
426 841 518 900 uoluit;
532 839 559 887 ut
572 841 625 887 Deo
650 843 788 890 iohannem
805 854 860 889 sero
874 842 915 889 die
930 842 988 901 illa,
1003 853 1052 888 una
1067 839 1180 888 sabbato·

94 909 160 956 Patri
175 911 262 958 nostrae
278 910 359 971 pretia
374 910 499 958 libertatis
512 910 626 957 osteude-
640 924 705 958 rum
728 911 855 961 inducitur
874 911 1014 970 apparuisse
1035 908 1178 969 discipulis,

95 978 142 1024 rot.
151 979 234 1026 Talem
242 979 289 1026 sibi
297 979 370 1026 Pater
378 977 408 1025 ad
417 978 543 1026 dexteram
551 978 625 1038 locat,
652 981 677 1026 et
690 981 795 1028 uulnera
807 980 924 1028 obtulisse
935 979 1067 1046 palpandas
1076 990 1108 1024 ue
1119 976 1179 1036 quid

96 1047 203 1106 trophaea
232 1050 320 1096 nostrae
349 1047 435 1096 salutis
454 1047 625 1107 amplectens3
651 1049 821 1109 ambiguitatis
835 1047 957 1106 adferret,
971 1045 1180 1107 putarimusdili·

94 1116 156 1164 tales
166 1115 218 1163 illic
228 1118 347 1178 Martyres
356 1116 429 1165 nobis
440 1115 562 1164 cicatricis
575 1129 626 1165 suae
652 1117 750 1176 gentius
760 1117 943 1177 requirendum.

93 1196 183 1232 corona
193 1187 347 1235 monstrabit.
683 1186 737 1232 lle.
748 1187 853 1233 Videtur
863 1185 930 1233 cuim
941 1183 1072 1244 separatim
1084 1195 1111 1230 se
1127 1181 1181 1229 istis

128 1254 184 1301 iil.
199 1254 230 1302 m
248 1255 366 1315 quoniam
384 1266 465 1302 sermo
482 1253 532 1302 huc
549 1266 626 1314 usque
652 1253 768 1300 undecim
789 1253 981 1312 demonstrasse,
995 1250 1064 1319 'sicut
1082 1263 1108 1297 se
1123 1251 1182 1297 Am-

94 1322 177 1369 noster
186 1321 281 1380 erasit,
295 1322 478 1370 consideremus
487 1334 536 1382 qua
548 1322 626 1382 gratia
652 1321 1181 1383 maoni'etGleopbaeseorsumJamvespere

95 1389 232 1436 secuudum
248 1389 385 1436 iohannem
402 1389 554 1437 crediderint
569 1401 626 1448 apo-
652 1391 879 1439 demonstraverat:
892 1391 918 1438 et
925 1388 1129 1450 quemadmodum
1139 1387 1180 1433 isti

95 1458 167 1517 stoli,
176 1459 219 1518 qui
229 1459 307 1518 gavisi
317 1459 385 1506 sunt:
394 1459 528 1507 secundum
535 1459 625 1506 Lucam
652 1459 699 1505 duo
707 1491 716 1519 ‚
725 1459 760 1506 ita
772 1460 848 1507 etiam
856 1457 1017 1507 ridenturilli
1026 1455 1141 1503 undecim
1149 1456 1180 1502 ad
1248 1470 1250 1474 ·

95 1528 163 1584 qnasi
172 1525 294 1575 increduli
302 1525 623 1589 redarguanmr(v.as,i9)z
652 1527 830 1576 confirmandos
851 1527 961 1587 reliquos
985 1525 1117 1574 conuenire
1135 1536 1180 1584 po·
1244 1521 1246 1523 ’

94 1595 129 1640 ibi
145 1595 265 1654 Spiritum
280 1597 391 1644 sanctum
405 1597 566 1656 acceperint,
583 1596 624 1644 bic
651 1596 739 1644 tuisse.
751 1597 866 1661 Denique
876 1597 901 1644 et
916 1594 1054 1643 conturbati
1069 1594 1139 1652 sunt,
1150 1592 1179 1638 ut

94 1663 180 1712 sedere
192 1665 218 1712 iu
232 1665 333 1713 civitate
348 1664 492 1724 jubeantur,
506 1660 624 1724 quoadus-
650 1666 727 1713 babes
743 1667 879 1714 secundum
889 1667 995 1724 Lucam3
1013 1665 1039 1712 et
1049 1663 1104 1711 ideo
1123 1675 1180 1722 spo·

92 1745 141 1792 que
152 1734 288 1781 induantur
298 1735 390 1783 virtute
402 1746 435 1781 ex
446 1735 505 1781 alto.
516 1735 546 1780 rt
556 1733 624 1782 vide-
650 1735 701 1782 ruit
710 1736 747 1783 eis
755 1749 852 1783 sensum
860 1769 867 1796 ,
875 1736 903 1783 ut
912 1727 1080 1794 intelligerent
1087 1745 1116 1780 ea
1125 1745 1179 1792 quae
1196 1741 1197 1769 1
1286 1698 1299 1745 ἶ

94 1803 134 1849 tur
144 1802 207 1849 mihi
226 1802 268 1850 ille
278 1802 348 1861 quasi
364 1802 487 1861 apostolus
497 1801 588 1859 majora
599 1802 625 1849 et
650 1804 740 1863 scripta
756 1805 823 1852 sunt.
834 1806 906 1852 Hunc
918 1804 1000 1850 autem
1011 1803 1097 1860 latius,
1109 1801 1178 1848 illum

94 1871 181 1918 altiora
190 1871 317 1931 tetigisse,
328 1869 370 1917 hic
381 1870 524 1929 sequentia,
537 1870 562 1917 et
578 1870 625 1916 bu·
640 1873 804 1920 succinctius
823 1873 948 1933 scripsisse
960 1884 1007 1919 non
1020 1871 1121 1918 dubium
1134 1871 1179 1917 est.

93 1941 174 1986 manis
182 1941 296 2000 proxima
307 1952 314 1983 ε
332 1938 373 1984 bic
383 1938 499 1985 historico
509 1949 569 1984 usus
579 1937 625 1983 cir·
650 1940 776 1996 Quomodo
787 1940 853 1988 euim
865 1941 910 1987 soli
921 1940 1010 1999 cephae
1022 1939 1103 1986 risum
1114 1938 1181 1984 dicc-

60 2030 64 2036 -
94 2008 180 2067 cuitu,
191 2009 234 2055 ille
250 2007 410 2067 compendi03
422 2006 479 2066 quia
496 2005 521 2052 et
536 2005 566 2052 de
582 2005 625 2051 illo
650 2009 721 2068 rent,
735 2009 756 2056 si
768 2009 799 2055 ab
810 2008 924 2056 omnibus
935 2009 988 2055 erat
996 2006 1078 2055 risus?
1089 2006 1136 2054 Sed
1146 2007 1192 2055 si·-

94 2075 202 2122 dubitari
216 2088 266 2123 non
281 2075 378 2135 potest,
390 2073 440 2133 qui
456 2073 625 2124 testimoni-um
644 2076 695 2122 *cut
706 2089 740 2123 ex
749 2075 895 2124 mulieribus
901 2075 996 2135 lilariae,
1009 2076 1034 2123 et
1045 2074 1089 2121 alii
1099 2076 1180 2122 llarim

95 2144 212 2203 perbibet
222 2145 253 2192 de
264 2144 304 2192 bis
318 2144 408 2204 quibus
423 2143 477 2204 ipse
492 2143 624 2201 interfuit,
644 2144 813 2206 >llagdaleuae3
826 2145 860 2193 ita
871 2157 904 2193 ex
914 2144 974 2194 viris
984 2143 1056 2191 Petro
1065 2143 1132 2192 risus
1143 2147 1181 2192 est

94 2214 120 2259 ct
131 2225 219 2261 rerum
230 2215 268 2262 est
278 2213 446 2262 testimouium
457 2212 519 2271 eius.
529 2212 565 2260 rtb
577 2213 623 2260 boc
649 2215 730 2275 primo
739 2227 821 2263 mane.
833 2216 863 2263 lit
872 2215 961 2263 Paulus
971 2215 1006 2262 sic
1017 2214 1052 2262 ait
1064 2228 1070 2260 ε
1085 2216 1181 2262 Tradidi

93 2294 204 2343 quoque,
215 2284 258 2343 qui
274 2282 425 2342 evangelista
440 2293 493 2329 esse
511 2281 604 2328 meruit
615 2315 622 2341 ,
639 2285 712 2331 enirn
722 2285 787 2333 robis
794 2286 926 2346 imprimes,
937 2286 992 2345 qaia
1002 2284 1106 2333 Christus
1115 2297 1180 2330 mor-

93 2352 134 2398 vel
152 2352 324 2412 negligentiae,
342 2352 383 2400 rel
401 2351 526 2399 mendacii
543 2351 623 2411 saspi·
650 2356 703 2401 iaus
721 2357 754 2402 esi
773 2355 900 2403 secandum
919 2356 1066 2414 Scripturas,
1082 2354 1180 2414 etauio

92 2419 187 2467 cionem
199 2433 297 2480 aequum
310 2419 348 2467 est
364 2420 510 2480 propulsari.
522 2420 552 2465 Et
567 2419 624 2467 idea
649 2423 751 2482 sepelias
762 2425 809 2480 ert,
825 2426 847 2470 ei
860 2425 916 2483 puio
926 2423 1056 2470 resurrexit
1067 2424 1135 2469 tertia
1145 2424 1180 2467 die

92 2500 179 2536 rerum
188 2490 323 2547 utrumque
329 2488 457 2548 putamus,
465 2499 514 2534 non
525 2488 623 2534 seuten-
649 2492 775 2538 merendam
786 2494 934 2550 scripturas,
943 2493 964 2536 et
975 2491 1037 2537 ciros
1047 2492 1080 2553 ert
1089 2489 1178 2549 Geplrae.

92 2557 182 2603 tiaram
198 2550 318 2604 varieiate
328 2589 336 2615 ,
348 2568 395 2602 nec
410 2567 571 2615 personarum
585 2555 624 2602 di·
650 2557 679 2602 m
695 2558 752 2605 ideo
769 2559 864 2604 Marcus
880 2556 1022 2616 specialiter
1037 2556 1180 2614 inducitju-
1275 2595 1279 2598 .

94 2625 209 2671 versitate
220 2625 373 2672 distinctum.
382 2625 442 2669 Nam
451 2624 497 2670 etsi
507 2624 533 2669 in
543 2625 623 2683 primo
650 2636 741 2671 venem
760 2624 919 2671 mandantem
935 2627 964 2670 ut
977 2624 1049 2670 Petro
1068 2622 1094 2670 et
1109 2624 1181 2671 disci-

93 2693 171 2738 Lacas
182 2703 224 2739 eos
238 2704 288 2738 non
299 2691 433 2738 credidisse
445 2691 525 2746 dicat,
540 2693 624 2752 postea
651 2693 717 2750 pulis
730 2692 844 2742 dicerent
857 2693 989 2750 mulieres,
1002 2691 1060 2751 qnia
1073 2695 1181 2740 surrexit

93 2763 177 2806 tamen
198 2760 332 2807 credidisse
355 2759 505 2807 demonstrat
526 2772 533 2805 ι
553 2761 579 2808 et
603 2759 624 2808 si
652 2761 781 2811 Dominus.
811 2798 815 2803 .

93 2828 172 2888 prima
182 2829 373 2889 consideremus,
383 2828 504 2876 contraria
515 2828 572 2876 suut
584 2843 590 2875 ε
603 2829 625 2877 si
681 2829 736 2880 lili.
757 2833 847 2882 Petrus
865 2845 922 2893 ergo
939 2831 1003 2882 vidit
1017 2833 1082 2880 solus
1096 2831 1178 2879 Domi-

92 2899 236 2959 sequentia,
249 2900 346 2946 certum
357 2899 394 2946 est
410 2898 552 2946 convenire.
569 2899 623 2959 ipsa
651 2912 725 2961 num;
743 2900 842 2949 devotio
859 2901 926 2949 euim
942 2901 1026 2960 parata
1043 2912 1140 2960 semper
1155 2902 1180 2948 et

93 2968 168 3027 igitur
179 2967 309 3028 Scripturae
318 2968 394 3015 rerba
404 2967 597 3016 consideremus.
651 2969 747 3029 promta
758 2968 888 3029 credebat,
900 2968 926 3016 et
937 2969 993 3016 ideo
1008 2968 1122 3016 studebat
1133 2968 1180 3016 irc-

123 3041 178 3088 172.
192 3040 232 3088 Sic
243 3041 278 3086 ait
289 3041 412 3088 iohannes
423 3053 433 3086 a
443 3042 475 3088 lli
485 3043 559 3102 parisi
568 3045 624 3091 rant
642 3039 782 3099 ‘quentiora
802 3039 861 3086 fidei
881 3037 949 3098 signa
967 3038 1091 3097 colligere.
1115 3037 1181 3086 Alibi
1194 3083 1196 3088 ,

92 3111 209 3171 discipali,
225 3111 275 3158 visa
290 3111 400 3158 Domino.
422 3109 490 3157 Dicit
508 3121 565 3170 ergo
584 3110 624 3158 bis
650 3121 706 3156 cum
714 3109 836 3168 iohanne,
847 3107 989 3167 alibisolus,
997 3107 1090 3169 ubique
1098 3108 1181 3155 tamen

93 3180 197 3226 iterum:
207 3180 262 3226 Para
273 3178 338 3226 vobis
342 3178 488 3234 ,sienimriii
495 3190 531 3224 rne
539 3179 623 3235 Pater,
650 3176 756 3238 impiger
772 3177 865 3236 currit,
876 3177 969 3237 ubique
988 3175 1031 3224 aut
1048 3177 1127 3236 solus,
1139 3177 1180 3223 aut

93 3249 300 3308 clepamiiiaoos
311 3245 624 3303 Etcnmiocdiaaisset,in-
649 3245 744 3304 primus
763 3257 770 3291 ε
788 3257 837 3292 uon
858 3247 989 3292 contentus
1014 3244 1105 3292 vidisse
1126 3258 1180 3304 quae

93 3317 194 3376 miliarii
211 3316 246 3364 bis
264 3318 287 3363 ei
301 3316 362 3362 diarii
373 3328 381 3360 .·
392 3314 494 3374 Accipite
509 3310 623 3373 spiritam
650 3313 763 3374 viderat,
774 3313 867 3374 repetii
877 3312 996 3361 intuenda
1005 3347 1013 3373 ,
1022 3313 1048 3360 et
1055 3313 1180 3372 querendi

92 3387 215 3442 sanctum,
237 3395 339 3444 pnornrn
358 3384 493 3431 remiseritis
512 3386 622 3442 peccata,
650 3382 749 3429 Domini
762 3394 844 3430 amore
856 3394 1001 3442 succensus,
1012 3392 1060 3427 non
1079 3381 1181 3445 satiatur
1271 3385 1273 3391 ’

92 3455 244 3500 remittantur
253 3453 305 3510 iria,
316 3453 449 3512 etqnornna
463 3452 606 3499 retinueritis
614 3484 622 3508 ,
649 3450 765 3498 videndo.
781 3450 856 3498 Videt
871 3449 930 3497 ‘eum
940 3450 1020 3509 solus,
1036 3448 1106 3496 videt
1124 3461 1180 3495 cuin

93 3522 182 3567 relenta
191 3524 253 3568 sant.
262 3521 340 3568 Lucas
347 3520 429 3567 autem
438 3519 499 3567 dicit
508 3517 549 3581 (r.
557 3521 587 3567 55
597 3520 623 3568 et
649 3518 778 3577 undecim,
789 3518 860 3574 ridet
867 3531 923 3574 cum
933 3517 1102 3579 septuaginta,
1112 3515 1181 3562 ridet

93 3585 164 3649 seq.)
178 3599 185 3635 t
197 3590 229 3636 lit
239 3591 352 3650 quomado
363 3591 518 3649 copaorernni
529 3603 583 3637 eum
598 3591 622 3635 in
649 3588 674 3634 et
689 3587 788 3646 quando
798 3588 902 3634 Thomas
914 3583 1180 3643 credidit,videteu1n

49 3664 51 3666 ’
93 3657 207 3716 fractione
216 3659 293 3718 panis.
302 3661 366 3706 Dnm
377 3661 455 3705 antero
465 3658 513 3704 brec
524 3659 623 3717 loquan-
648 3653 800 3710 piscaretur:
818 3652 921 3700 sednon
933 3652 1024 3701 vidisse
1036 3649 1178 3708 contentus,

93 3730 145 3783 tnr,
156 3727 203 3785 ipse
218 3727 278 3773 stetit
293 3727 319 3772 in
338 3727 412 3772 medio
428 3738 523 3781 eornm,
535 3726 557 3770 et
569 3725 623 3771 dicit
649 3719 1045 3782 impatieusdesiderii,negligens
1052 3717 1180 3778 captionis,

92 3798 124 3843 eir
135 3810 144 3841 .-
155 3797 211 3842 Pan
221 3793 300 3852 nobis,
317 3807 358 3853 epa
368 3806 419 3840 rara
428 3825 437 3850 ,
447 3793 518 3839 nolite
531 3793 621 3839 timere.
649 3788 778 3836 immemor
786 3787 901 3848 periculi,
909 3785 1181 3857 nontameuimmemor
1207 3825 1211 3832 .

92 3863 233 3913 conturbali
245 3872 299 3910 nera
310 3865 332 3910 et
344 3861 463 3909 conterriti
474 3861 622 3909 estimabant
648 3856 809 3916 reuerentiam
822 3856 865 3904 ubi
878 3856 1009 3911 Dominum
1019 3855 1082 3904 vidit
1096 3855 1121 3902 in
1135 3855 1178 3901 lit-

93 3947 114 3980 sc
124 3935 232 3993 spiritam
243 3933 328 3979 videre.
340 3931 370 3978 Et
379 3931 477 3990 possent
487 3929 567 3977 rideri
579 3929 620 3978 bia
647 3933 1180 3948 ..........................

93 4001 175 4060 plures
189 4000 268 4080 tuisse
280 4012 288 4080 ξ
299 3999 504 4060 sonorissimo
515 4010 570 4046 ⁸0f⁰
581 4011 620 4045 ¹⁰·
648 4026 746 4064 aucium.
762 4025 795 4064 sic
813 4026 877 4063 uam
896 4026 1010 4074 imprium
1027 4039 1037 4065 e
1057 4027 1178 4075 aarum,

93 4070 251 4118 surrectionis
262 4069 302 4118 die
315 4067 388 4134 (narn
401 4067 619 4128 advesperascente
647 4080 737 4120 satiras
749 4081 827 4123 casuro,
838 4079 947 4118 nominata
956 4083 989 4118 ca.

670 3974 679 3993 ⁸
689 3973 798 4015 Amnraaai.
810 3982 888 4011 nornen
898 3963 1024 4020 proprium.
1035 3983 1046 4010 e
1057 3973 1101 4011 loco
1111 3972 1179 4020 patrio
