2752 4814
463 530 503 573 nn
518 509 720 580 arusuensis
741 503 840 597 ni'nun
858 531 953 573 unus,
1202 524 1247 572 ssi

168 606 288 666 Propheta
297 621 304 653 τ
314 609 437 669 Adsperpcs
446 611 592 671 sieehyssopm
601 614 622 657 et
630 623 697 656 mun·
722 622 769 655 reon
780 613 812 656 est
822 611 846 656 iu
857 611 902 669 eis‚·
913 613 939 656 nt
951 605 1058 656 resticulo
1069 607 1173 655 cocciano
1184 610 1248 655 toleio

168 676 242 722 dabor
253 691 260 721 :
273 677 360 724 locabis
371 690 417 733 me,
428 681 450 724 et
465 680 623 737 supernivem
634 679 697 724 deul·-
722 681 772 724 tuo.
783 679 835 724 Non
855 677 986 724 mediocris
1004 676 1050 723 ista
1064 675 1180 722 laudatio.
1196 677 1249 722 Pri-

169 743 250 790 hobor:
262 743 309 801 Qui
322 743 387 791 enim
403 744 552 804 baptizatur,
569 747 594 793 et
609 758 697 792 secun·
720 758 787 792 mum
796 744 860 791 dulci
869 744 1048 804 comparatione
1060 745 1197 801 tonsarum3
1208 755 1249 789 ca-

169 810 227 857 dum
238 813 327 872 Legem
346 813 371 860 et
387 815 521 861 secundum
537 815 696 874 Evangelium
720 825 775 872 pras
786 813 852 873 enim
861 814 887 861 et
898 813 924 859 in
935 812 990 859 altis
997 812 1064 871 pasci
1076 813 1129 860 sine
1137 811 1249 872 periculo

168 879 267 927 videtur
279 894 331 928 esse
339 880 468 930 mundatus
479 896 487 941 3
498 884 636 930 secundum
650 884 696 930 Le·
720 882 847 941 novimus,
856 882 882 929 et
890 881 1050 941 inpraeruptis
1059 892 1156 929 securas
1166 880 1250 927 cibum

169 960 222 1006 gem
231 981 237 1006 ,
246 949 303 1007 qnia
315 949 412 1010 hyssopi
425 950 540 999 fasciculo
550 953 643 1011 Moyses
655 951 696 998 ad·
720 963 823 1010 capere:
837 950 925 997 deinde
935 962 991 996 curn
1002 948 1147 1008 tondentur,
1158 949 1249 996 deono-

168 1019 297 1077 spergebat
312 1019 454 1078 sangninem
470 1023 526 1081 agni
538 1035 544 1068 :
557 1021 695 1068 secundum
719 1019 767 1066 rari
786 1018 924 1078 superfluis.
944 1019 1035 1064 Harum
1046 1018 1111 1078 gregi
1124 1029 1249 1077 compara-

168 1085 402 1147 Evangelium,quin
413 1088 501 1135 Christi
513 1089 582 1136 erant
593 1089 695 1137 candida
719 1086 759 1134 tur
774 1086 895 1145 Ecclesia,
906 1086 994 1132 multas
1013 1085 1039 1131 in
1054 1097 1080 1131 se
1090 1084 1184 1131 habens
1195 1084 1249 1131 ani-

168 1155 313 1202 vestimenta
323 1155 387 1203 sicut
396 1158 441 1203 nix
448 1170 522 1214 ,cnm
535 1159 696 1205 resurrectio·
719 1169 813 1202 marurn
832 1155 954 1213 virtutes,
976 1166 1030 1213 quae
1056 1164 1101 1212 per
1124 1152 1250 1199 lavacrum

167 1223 206 1269 nis
221 1236 270 1270 sure
283 1225 383 1283 gloriam
399 1226 425 1271 in
436 1225 567 1282 Evangelio
582 1225 696 1273 demons-
718 1223 840 1282 supernus
852 1224 952 1282 peccata
963 1221 1102 1281 deponant,
1113 1233 1169 1280 quae
1184 1232 1249 1280 mys-

166 1290 250 1338 traret.
270 1293 348 1351 Super
369 1294 453 1340 nivem
471 1306 527 1351 ergo
551 1294 694 1353 dealbatur,
718 1293 791 1340 ticam
808 1293 881 1339 iidem
898 1293 923 1338 et
936 1292 1054 1338 moralem
1068 1289 1250 1350 gratiarndeto-

167 1359 207 1405 cni
214 1362 285 1420 culpa
294 1362 435 1409 dimittitur.
445 1362 513 1409 Unde
519 1362 594 1422 etper
601 1364 693 1411 Esaiam
719 1363 772 1408 rant
783 1362 886 1419 Christo,
899 1373 952 1421 quae
965 1372 1064 1408 crucem
1075 1358 1174 1406 Domini
1190 1359 1249 1405 Jcsu

166 1427 283 1474 Dominus
296 1430 331 1475 ait
343 1443 350 1474 s
362 1432 388 1477 si
403 1430 490 1488 suerint
508 1435 601 1490 peccatu
619 1436 695 1483 oestro
718 1433 857 1492 loquantur.

166 1497 226 1544 sicut
233 1498 388 1556 phenicium,
401 1502 427 1545 ut
437 1503 511 1547 aeirem
528 1501 648 1550 dealbabo.
748 1501 786 1547 59.
806 1501 833 1546 ln
844 1499 874 1547 iis
890 1500 994 1547 formosa
1001 1500 1038 1547 est
1047 1497 1166 1546 Ecclesia.
1178 1496 1249 1544 Undo

197 1565 236 1610 55.
248 1566 305 1613 Haec
320 1567 467 1614 uestimenta
483 1567 576 1615 hahens
586 1569 694 1617 Ecclesia
718 1569 748 1615 ud
760 1581 813 1614 earn
824 1569 933 1616 Verbum
948 1570 1014 1616 Deus
1032 1568 1109 1615 dicit:
1123 1568 1182 1614 Toto
1200 1566 1250 1625 tor·

167 1645 212 1692 per
226 1635 349 1681 lavacrum
363 1637 554 1695 regenerationis
571 1638 693 1700 adsumta,
717 1651 783 1685 moso
794 1652 830 1695 es,
851 1641 963 1699 proximo
983 1651 1049 1696 meo3
1068 1640 1088 1684 et
1103 1635 1249 1696 reprehensio

165 1700 227 1747 dicit
237 1702 262 1746 in
273 1703 377 1749 canticis
389 1717 395 1747 ε
407 1705 483 1762 ll'tpra
493 1719 546 1752 sum
562 1709 584 1752 et
594 1709 693 1763 decoro,
717 1710 807 1754 nonest
823 1709 849 1754 in
867 1709 901 1768 te,·
911 1706 970 1766 quia
986 1707 1060 1764 culpa
1080 1705 1192 1751 demersa
1200 1705 1248 1750 est.

165 1770 218 1827 filiu
226 1773 379 1819 Hierusalem.
390 1772 462 1830 Nigra
480 1786 524 1832 per
535 1773 694 1833 fragilitatem
717 1778 776 1823 Ades
786 1776 831 1822 huc
841 1791 857 1822 u
866 1776 956 1823 Libano
962 1808 970 1832 ,
990 1777 1094 1834 Sponsu5
1106 1775 1160 1820 netes
1174 1773 1219 1819 leuc
1231 1786 1247 1818 a

165 1839 312 1887 conditionis
332 1840 460 1900 humanae,
479 1842 566 1889 decora
577 1857 623 1903 per
639 1857 694 1905 gra·
717 1845 807 1890 Libano
816 1859 824 1903 ς
834 1844 985 1899 trorssibts,et
998 1841 1150 1901 pertransibis
1159 1842 1247 1898 aprin-

165 1906 224 1953 tiam
236 1921 242 1952 s
255 1909 323 1966 nigra
331 1941 338 1966 ,
346 1909 403 1967 quia
415 1922 445 1954 ex
455 1912 635 1970 peccatoribus,
651 1912 695 1958 de·
719 1914 854 1971 cipiofiote1'5
865 1924 893 1958 eo
911 1911 976 1970 quod
995 1909 1143 1956 renuncians
1154 1907 1248 1954 mundo

166 1986 221 2019 cora
233 1972 290 2019 iidei
306 1976 466 2022 sacramento.
479 1977 536 2023 ilaec
547 1978 695 2026 vestimenta
719 1980 843 2026 transierit
864 1980 996 2036 seculum,
1025 1975 1196 2036 pertransierit
1217 1975 1248 2020 ad

165 2044 294 2088 cernentes
310 2043 366 2090 nhae
382 2044 536 2090 Hierusalem
552 2046 695 2104 stupetactae
718 2048 848 2095 Christum.
861 2049 889 2095 Et
900 2048 990 2094 iterum
1000 2045 1062 2092 dicit
1078 2044 1109 2090 ad
1120 2055 1174 2090 eam
1184 2044 1249 2090 Dens

165 2108 267 2155 dicunt:
281 2112 337 2170 Quoe
347 2114 379 2158 est
387 2111 436 2157 leoec
448 2124 498 2170 pum
506 2114 622 2160 adscendit
632 2116 696 2162 deot-
718 2119 826 2164 Verbum
838 2130 844 2162 :
856 2118 916 2178 Quid
923 2118 1005 2175 pulcro
1016 2117 1037 2162 et
1047 2115 1124 2162 suauis
1134 2114 1198 2172 {octo
1208 2127 1248 2168 cs,
1301 2148 1304 2156 .

156 2177 221 2224 huto
230 2177 303 2225 tllaec
314 2179 455 2240 eratnigra‚
465 2181 532 2228 unde
540 2193 606 2229 nunc
612 2184 694 2231 subito
719 2189 819 2244 corilus,
830 2189 854 2233 in
869 2188 953 2233 delictis
970 2184 1032 2232 tuis?
1042 2186 1141 2232 Statum
1158 2184 1200 2229 tuo
1217 2184 1249 2229 st·

165 2245 287 2294 dealbata.
718 2257 779 2302 milis
789 2257 890 2314 foctnest
896 2256 994 2314 polmce,
1009 2253 1156 2302 etuberotuo
1167 2254 1248 2301 botris.

195 2316 234 2362 56.
252 2316 433 2367 Dubitaverunt
450 2322 525 2368 etiarn
540 2322 626 2382 Angeli
638 2335 694 2370 cum
747 2323 786 2371 ho.
795 2324 839 2370 dui
847 2323 977 2382 respondet
986 2323 1094 2370 Ecclesia
1105 2335 1111 2368 τ
1121 2321 1248 2384 Qutsctobtt

165 2386 303 2444 resurgeret
319 2387 441 2448 Christus,
459 2389 634 2439 dubitaverunt
651 2393 694 2438 Po·
718 2396 753 2450 te,
765 2394 853 2453 frater,
866 2393 925 2439 milri
943 2393 1064 2440 lactentem
1080 2392 1154 2439 utero
1164 2392 1249 2437 matris

164 2454 265 2501 testates
287 2453 405 2502 coelorum
423 2457 536 2505 videntes
556 2461 622 2518 quod
638 2469 692 2507 caro
717 2462 792 2508 meae?
802 2463 923 2509 inveniens
934 2464 954 2508 tc
965 2461 1039 2519 forts,
1051 2461 1198 2508 oecutohorte
1210 2461 1248 2505 :ct

164 2520 190 2568 in
201 2524 290 2569 coelum
309 2525 477 2572 adscenderet.
495 2527 606 2586 Denique
627 2528 694 2575 dice·
718 2532 808 2590 quidem
824 2543 870 2575 nora
881 2531 990 2588 spernent
1009 2543 1055 2575 sne.
1066 2531 1195 2576 Adsumum
1212 2530 1248 2582 te,

164 2589 223 2637 bant
234 2605 240 2634 :
253 2595 309 2652 Quis
324 2596 357 2639 est
367 2595 409 2640 iste
425 2597 476 2641 lien
487 2594 586 2654 plurim?
597 2595 627 2640 Et
638 2607 693 2642 cum
717 2601 739 2644 ct
749 2599 859 2643 inducam
870 2600 890 2643 te
899 2600 923 2643 iu
935 2598 1030 2642 domum
1045 2598 1129 2642 matris
1139 2607 1213 2649 meos,
1227 2594 1249 2638 et

164 2659 208 2704 alii
228 2660 339 2707 dicerent
358 2663 459 2709 :Tollite
476 2666 558 2722 portos
577 2665 694 2723 Principis
718 2668 742 2711 in
753 2661 1249 2723 secretumeiuspuoeconcepitmc.Docebts

165 2730 243 2784 vestri,
261 2733 283 2775 et
298 2731 420 2776 clevamini
435 2733 509 2789 portoe
521 2732 659 2788 oeteenoles,
672 2736 693 2780 el
718 2747 763 2779 me.
771 2733 845 2778 Vides
852 2731 1057 2792 quemadmodum
1065 2731 1185 2778 delectata
1193 2743 1250 2775 rnu-

164 2795 269 2842 introihit
279 2799 330 2843 iles
341 2799 438 2857 ptorioe,·
448 2797 644 2844 alii'dubitahant
656 2799 694 2844 di·
718 2813 776 2848 nere
788 2801 929 2860 gratiarum,
941 2800 971 2846 ad
982 2800 1099 2848 interiora
1107 2799 1248 2858 cupitmys·
1325 2853 1327 2856 y

163 2865 249 2910 centes
267 2877 274 2908 ε
297 2867 352 2925 Quis
374 2869 406 2914 est
426 2868 466 2913 iste
483 2870 535 2914 ilex
558 2866 654 2927 plorioe?
666 2869 693 2913 ln
717 2869 781 2916 teria
797 2869 941 2928 pervenire,
957 2869 983 2916 et
993 2881 1078 2915 ornnes
1094 2880 1180 2916 sensus
1191 2879 1247 2914 suos

165 2932 232 2978 Esaia
244 2946 339 2993 quoque
350 2934 426 2982 habes
437 2934 578 2982 dubitantes
588 2934 693 2982 virtutes
717 2950 859 2986 consecrare
867 2937 976 2986 Christo?
989 2938 1074 2984 Adhuc
1087 2937 1189 2997 quaerit,
1206 2936 1250 2983 ad·

164 3002 280 3047 coelorum
295 3002 387 3051 dixisse
398 3006 469 3065 :Quis
489 3007 521 3053 est
539 3006 632 3064 isteque*
650 3007 693 3051 ‹ut-
718 3008 765 3054 huc
775 3007 875 3054 suscitat
886 3007 1027 3066 caritatem,
1039 3007 1063 3053 et
1074 3005 1188 3053 suscitari
1200 3005 1249 3064 sihi

163 3072 249 3117 secedit
266 3086 296 3118 eac
307 3074 401 3131 Eclom,
416 3074 490 3120 rubor
504 3075 693 3122 vestimentorum
717 3087 770 3121 eam
783 3075 861 3134 poscit
873 3086 886 3121 a
897 3072 994 3121 tiliabus
1005 3074 1174 3133 Hierusalem,
1190 3085 1250 3133 qna-

162 3138 211 3196 eius
221 3154 251 3186 erc
260 3143 500 3202 Bosor,speciosusiu
510 3145 569 3191 stola
579 3143 692 3191 condicta?
716 3157 773 3190 rum
788 3142 878 3204 gratia,
899 3143 1008 3201 honest,
1028 3142 1165 3189 animarum
1186 3141 1249 3188 iide-

191 3208 231 3253 57.
243 3208 352 3266 Christus
363 3211 449 3258 autem·
461 3211 548 3258 videns
559 3212 692 3259 Ecclesiam
716 3214 791 3273 lium,
803 3214 923 3273 Sponsum
936 3213 963 3260 iu
979 3225 1088 3260 amorem
1098 3212 1137 3260 sui
1149 3211 1248 3260 uberto·
1318 3248 1322 3254 .

162 3281 229 3322 suam
242 3277 433 3326 investimentis
450 3281 573 3339 candidiS,
590 3294 634 3340 pro
644 3286 691 3341 qua
716 3297 768 3330 rem
779 3284 903 3331 desiderat
923 3284 1061 3342 provocari.
1078 3310 1080 3315 ·
1322 3330 1326 3337 ,

162 3341 229 3402 ipse,
246 3346 274 3391 ut
290 3345 366 3393 habes
384 3348 410 3393 in
421 3347 543 3394 Zacharia
556 3349 620 3394 lihro
635 3362 692 3408 pro·
745 3349 783 3395 tl.
794 3351 864 3397 Unde
876 3351 994 3395 Dominus
1012 3351 1082 3395 tosus
1099 3352 1124 3396 et
1144 3350 1196 3407 ipse
1208 3350 1247 3396 in-

138 3440 140 3448 =
162 3412 257 3470 phetae,
268 3413 363 3458 sordida
374 3415 521 3460 vestimenta
537 3418 691 3473 susceperat,
715 3416 808 3462 vitatus
819 3416 893 3461 tantae
904 3415 984 3460 studio
995 3414 1116 3472 caritatis,
1128 3414 1248 3472 pulcritu-

162 3481 202 3526 vel
208 3481 316 3527 animam
322 3483 615 3538 regenerationislavacro
621 3496 692 3529 mun·
716 3483 773 3530 dine
785 3482 879 3529 decoris
893 3482 919 3528 et
929 3482 1012 3539 gratim
1023 3495 1029 3540 3
1040 3481 1105 3540 qrrod
1121 3482 1188 3526 nulla
1198 3482 1248 3539 jam

162 3549 300 3607 dematque
312 3550 433 3607 ablutam,
446 3549 523 3596 dicit:
536 3552 692 3611 Ecceforsno-
717 3551 741 3596 ln
762 3551 852 3597 ablutis
873 3550 963 3596 delicta
978 3550 1120 3607 sorderent,
1138 3549 1200 3596 dicit
1218 3550 1248 3597 aul

161 3629 238 3674 sues,
248 3620 358 3676 proximu
377 3632 444 3675 aneu,
462 3633 510 3666 ecce
529 3635 552 3667 es
570 3622 690 3677 formosa,
716 3620 847 3673 Ecclesiam
860 3633 866 3664 ε
879 3622 942 3666 Pone
959 3632 994 3665 ane
1014 3621 1039 3666 ut
1057 3620 1203 3679 stpuucutmu
1223 3620 1249 3664 tn

162 3686 222 3731 ocreli
237 3688 271 3732 tui
282 3689 339 3733 sicut
352 3688 474 3746 columbum
486 3688 512 3733 in
528 3688 597 3746 cujus
608 3690 690 3747 specie
716 3690 879 3744 certumnest
891 3689 1025 3747 siptlluma'u
1039 3687 1160 3733 bruchium
1173 3688 1249 3742 tuum,

160 3753 265 3811 Spiritus
275 3754 506 3802 sanctusdescendit
516 3756 623 3803 docoelo.
634 3759 691 3803 Eor-
717 3756 762 3801 hoc
773 3757 822 3813 est,
835 3755 921 3802 decora
933 3767 973 3812 es,
983 3755 1096 3813 proxima
1112 3766 1181 3813 mea,
1200 3753 1248 3803 totu

161 3822 222 3869 mosi
234 3823 297 3869 oculi
307 3821 372 3869 sicut
388 3823 505 3869 columbae
515 3836 522 3882 ;
534 3825 591 3882 qnia
603 3825 628 3870 in
637 3825 692 3885 eius
716 3822 820 3869 formosa
832 3836 871 3882 es,
882 3823 945 3869 nihil
957 3823 1002 3869 tihi
1014 3823 1092 3869 (tuest.
1106 3825 1170 3869 Pone
1180 3836 1216 3869 me
1225 3823 1248 3870 ut

161 3891 244 3951 specie
266 3890 372 3949 Spiritus
394 3892 490 3938 sanctus
512 3892 639 3940 descendit
660 3892 690 3940 do
715 3894 859 3951 sipuncutmn
871 3895 945 3939 tneor
963 3895 1115 3952 monsque
1132 3892 1192 3939 fides
1209 3893 1248 3940 tua

162 3962 233 4008 coelo.
716 3961 887 4022 plenotulgeat
895 3962 1057 4008 sacramento.
1068 3963 1248 4022 operandoque

141 4043 144 4048 ·
191 4030 266 4077 58.Et
277 4028 564 4091 incimmemmaum
573 4046 629 4092 pren
641 4035 692 4079 ton·
716 4030 919 4089 tualuceant,et
938 4030 1075 4089 imaginem
1094 4029 1140 4077 Dei
1162 4029 1248 4090 praeto·
1319 4027 1326 4038 ”

133 4141 137 4146 s
161 4113 256 4155 aarum,
277 4112 328 4160 puoe
348 4101 514 4148 adscenderunt
536 4101 563 4147 de
583 4102 691 4157 lauacro,
716 4099 823 4157 rant,ad
834 4099 904 4157 cnjus
914 4097 1050 4158 imaginem
1061 4095 1125 4145 tacta
1138 4109 1173 4145 es.
1184 4097 1249 4144 cart—

161 4169 410 4230 puoeomnespcmtnos
426 4170 520 4227 creant,
532 4169 692 4228 etintoecumta
718 4168 752 4215 tas
771 4169 812 4214 tua
832 4168 900 4215 nulla
920 4166 1090 4229 persecutione
1109 4165 1248 4271 rginsratur,

246 4237 264 4277 5.
1114 4262 1125 4274 .
