2752 4814
216 375 264 426 282

243 462 283 512 tlt.
300 463 360 520 Ergo
374 457 524 506 orationibus
535 459 560 506 et
569 460 743 507 obsecrationi·

214 535 261 581 bus
274 534 353 578 Deum
367 529 474 575 invitare
490 527 620 588 debemus;
637 529 665 575 ut
674 529 741 588 quasi

214 604 291 650 banus
299 599 380 646 auster
388 597 472 644 aiilure
481 596 742 657 dignetur,Verbique

195 696 200 707 ·
213 667 597 725 nobisauramcoelestisadspiret
605 680 612 711 :
620 666 744 725 quaetruc-

213 738 298 785 tlieras
308 737 406 783 arbores
413 747 463 781 non
472 735 571 781 turbare
581 736 654 782 rento
665 736 744 794 gravi,

216 807 260 854 sed
270 805 321 852 leni
332 803 462 863 spiramine
478 803 587 863 flatuque
601 804 670 850 molli
686 817 744 851 con·

213 874 296 923 suevit
305 875 406 933 agitare.
419 872 488 919 Unde
499 873 617 931 scriptum
629 873 665 919 est
677 887 683 919 :
696 877 744 920 Pa-

213 939 542 1001 aattmacurraaslmieadol3
554 953 583 987 eo
591 941 743 1001 quodanima

215 1012 296 1059 nostra
307 1010 365 1057 dum
374 1010 485 1069 iungitur
494 1011 603 1069 corpori,
616 1011 683 1058 velut
691 1012 744 1071 qui·

214 1081 271 1128 dam
280 1092 397 1139 equorum
407 1079 563 1125 trementium
573 1092 658 1126 currus
666 1080 745 1128 recto·

194 1197 196 1204 ,
214 1148 744 1208 remsuiquaeritaurigam;Aminadabenim

214 1221 285 1279 pater
294 1220 387 1266 Naason
395 1218 457 1276 fuit,
468 1219 532 1264 sicut
544 1218 570 1264 in
581 1220 695 1266 Nonacris
707 1221 745 1266 le-

213 1287 307 1348 gimus,
322 1288 365 1346 qui
377 1287 429 1334 erat
440 1285 554 1344 princeps
565 1287 650 1345 populi
663 1289 742 1334 luda:

585 342 589 361 ἱ
611 377 737 420 sancti
751 377 915 420 Allssnosli

1227 432 1241 454 Q

918 465 1044 518 enuur
1070 465 1156 528 xvr.

769 567 868 607 Verbum
884 569 907 606 in
926 569 1017 607 bortum
1034 569 1096 606 nucis
1114 577 1167 616 quae
1185 565 1310 604 tertiationia

791 624 863 670 figura
877 628 919 669 est,
932 625 1051 668 inritatum
1063 628 1087 660 ut
1096 623 1149 659 fidei
1158 631 1185 659 ac
1199 622 1309 657 virtulum

792 679 944 726 odorescapiai‚
954 680 1040 726 melque
1050 677 1177 714 manducet.
1187 675 1215 712 ln
1224 674 1309 712 Christo

791 733 892 770 omnibus
899 733 1084 780 omniasuppelerc
1091 741 1095 768 ι
1103 741 1127 767 ac
1135 728 1231 777 proinde
1239 736 1308 764 axem-

791 786 825 831 plo
841 785 983 832 haemoroissae
999 784 1100 821 mulieris
1117 781 1271 821 accedendum
1282 779 1308 816 ad

791 838 862 885 ipsum
881 848 933 876 cum
954 839 1019 874 firma
1040 837 1095 882 fide,
1111 837 1179 882 cujus
1200 834 1308 872 mirabile·

792 893 882 930 eftectus
904 892 1059 940 praedicantur.
1078 889 1233 936 Adjiciendam
1257 887 1307 924 fidei

792 942 900 979 humilem
911 953 997 991 quoque
1008 942 1162 979 confessionem
1171 952 1177 985 ;
1186 949 1226 976 nec
1233 939 1262 975 eis
1270 937 1307 984 qui
1367 953 1371 959 -

792 998 877 1035 Christo
899 998 1022 1039 detrahant,
1044 995 1225 1044 respondendum
1245 1005 1252 1030 ι
1273 991 1306 1029 sed

792 1051 887 1097 ejusdem
905 1052 1003 1088 mulieris
1018 1060 1080 1088 more
1101 1049 1224 1087 dicendum
1242 1059 1248 1084 z
1265 1047 1306 1082 Nee

792 1106 888 1147 aberant.
899 1111 932 1144 etc.
943 1106 1051 1143 Postremo
1066 1105 1094 1141 ad
1108 1097 1268 1144 conciliandam
1279 1101 1305 1137 io-

792 1160 857 1195 miuae
867 1159 977 1196 confitenti
988 1159 1138 1196 auctoritatem
1147 1156 1209 1194 Petri
1218 1159 1238 1192 et
1248 1154 1305 1191 Pauli

792 1215 887 1260 exempla
904 1213 930 1248 ad
943 1212 1040 1248 eamdem
1052 1212 1163 1248 virtulem
1178 1208 1305 1256 pertinentia

792 1269 951 1312 proponuntur.

214 1357 284 1415 cujus
294 1356 370 1415 figura
381 1354 488 1404 retertur
503 1354 534 1400 ad
548 1354 683 1415 Christum,
702 1357 744 1414 qui
800 1353 839 1400 98.
858 1353 906 1399 Seu
918 1365 949 1400 ne
961 1352 1057 1412 longius
1068 1351 1200 1411 labamur,
1217 1350 1305 1399 iuvita-

215 1437 288 1472 verus
308 1423 392 1483 populi
417 1423 532 1482 princeps
555 1425 664 1469 animam
684 1424 744 1479 justi
770 1420 810 1467 tur
821 1422 866 1467 Dei
883 1421 992 1468 Verbum
1009 1422 1035 1467 in
1051 1422 1155 1467 hortum
1176 1421 1264 1479 nucis,
1282 1419 1304 1464 iu

214 1491 744 1549 velutcurrumagitatoradscendens,Verbi
770 1502 817 1548 quo
837 1489 930 1536 fructus
949 1490 1101 1548 propheticae
1123 1489 1258 1547 lectionis,
1280 1489 1303 1534 et

215 1560 319 1606 habenis
328 1560 455 1618 gubernat,
463 1559 744 1619 neriolentorumequo-
770 1558 927 1604 sacerdotalis
946 1559 984 1605 est
999 1559 1091 1615 gratia,
1107 1570 1165 1616 quae
1183 1570 1266 1603 aniana
1281 1557 1304 1601 iu

214 1641 269 1681 rum
280 1628 361 1675 furore
372 1629 398 1675 in
409 1628 512 1686 abrupta
520 1627 638 1686 rapiatur.
770 1628 962 1685 tentationibus,
972 1627 1032 1674 dura
1039 1626 1217 1684 inlaboribus,
1229 1626 1305 1672 invir-

246 1696 483 1755 tlti.Suutenime1us
492 1696 670 1755 velutquatuor
678 1697 744 1756 equi,
770 1695 864 1742 tutibus
878 1696 1035 1742 interioribus
1043 1694 1172 1740 fructuosa
1182 1696 1228 1741 est.
1240 1693 1304 1740 Unde

213 1766 320 1824 quatuor
330 1765 485 1822 affectiones,
497 1766 547 1824 ira,
559 1766 693 1825 cupiditas,
704 1779 744 1813 vo·
772 1765 846 1810 etiam
862 1765 931 1824 virga
946 1766 1025 1810 Aaron
1039 1776 1119 1810 nucea
1139 1755 1241 1822 ileruit',
1260 1774 1304 1808 nou

139 1873 141 1879 .
215 1835 311 1893 lupius,
326 1834 411 1883 timor.
428 1833 523 1890 Quibus
534 1832 673 1881 furentibus
689 1848 744 1882 cum
768 1832 820 1890 jam
838 1835 926 1880 natura
943 1845 1004 1893 sua,
1024 1833 1069 1880 sod
1086 1834 1186 1880 virtute
1205 1833 1303 1879 secreta.

216 1901 745 1961 coeperitagi,nequaquamseipsacoguos
771 1902 910 1949 Descendat
929 1915 986 1961 ergo
1005 1903 1031 1948 in
1049 1902 1154 1948 hortum
1174 1915 1262 1959 suum,
1280 1902 1305 1946 ut

214 1971 263 2031 cit;
281 1971 441 2031 corruptibile
453 1971 520 2017 enim
536 1983 622 2030 carpus
638 1972 744 2018 animam
770 1972 907 2018 vindemiet
918 1973 1009 2031 iidem,
1021 1971 1103 2031 capiat
1113 1972 1221 2029 odores,
1232 1971 1305 2030 pabu-

215 2040 314 2098 gravat,
339 2039 365 2085 et
391 2039 516 2098 tamquam
536 2038 745 2085 irrationabilium
771 2039 1304 2099 rumcelestereperiat‚suavitatemnoste

214 2107 360 2152 animalium
376 2119 463 2153 currus
482 2106 584 2152 invitam
596 2107 673 2165 rapit,
692 2108 745 2154 vol·
770 2109 852 2155 mellis
875 2110 989 2169 epuletur
1016 2108 1101 2155 dicens
1123 2121 1132 2154 a
1160 2111 1305 2157 Vindena'un¹

215 2174 334 2228 uentibus
351 2173 416 2218 curis
432 2173 502 2218 velut
521 2171 626 2230 quodam
648 2174 745 2233 impetu
771 2178 892 2236 myrrham
903 2191 981 2225 caeam
993 2191 1046 2224 caat
1060 2177 1229 2234 aromatibus,
1240 2189 1304 2224 naua·

157 2251 160 2258 “
215 2239 745 2301 proruentem,donecmomorataeeorporis
770 2247 853 2291 dacaru
873 2259 958 2303 panau
979 2258 1056 2291 cacum
1078 2257 1134 2290 cum
1157 2246 1226 2291 melle
1247 2257 1302 2290 areo,

216 2312 342 2371 passiones
349 2311 424 2357 Verbi
435 2310 527 2356 virtute
538 2311 675 2358 mitescant.
687 2315 745 2362 llaec
770 2314 839 2370 Quod
853 2314 1005 2361 diversarum
1020 2313 1144 2359 virtutum
1165 2316 1304 2360 concretum

216 2380 292 2427 Verbi
304 2380 427 2439 tamquam
438 2378 494 2424 boni
506 2377 631 2439 agitatoris
643 2382 681 2427 est
691 2394 746 2439 pro·
770 2382 885 2439 tloribuS,
896 2381 994 2428 illarum
1005 2393 1080 2440 apum
1089 2393 1147 2440 quea
1160 2382 1304 2441 sapientiam

216 2447 342 2506 videntia,
358 2460 391 2494 ne
406 2447 445 2493 illi
457 2446 544 2492 animae
553 2460 607 2504 quae
618 2448 645 2494 in
660 2462 686 2496 se
697 2463 745 2496 uon
770 2451 916 2509 praedicant,
929 2463 1033 2497 consano
1042 2462 1116 2508 opere
1130 2451 1304 2510 congregatum

217 2518 255 2564 est
266 2516 339 2563 morti
351 2517 470 2575 obnoxia,
481 2528 568 2574 corpus
576 2519 678 2565 mortale
687 2532 745 2566 con·
770 2521 851 2565 sanctu
862 2519 970 2566 Ecclesia
978 2520 1005 2565 in
1013 2518 1077 2566 tanis
1085 2519 1190 2576 condit,
1204 2522 1231 2566 ut
1241 2519 1305 2566 cibus

216 2587 328 2643 incretum
337 2587 494 2660 agitationem
503 2586 541 2633 sui
552 2586 627 2635 iaciat
635 2600 687 2635 esse
699 2590 745 2636 dit·
770 2588 859 2633 Christi
878 2589 918 2634 sit.

212 2659 316 2714 bellem.
800 2655 839 2701 99.
851 2655 937 2701 Omnia
947 2654 1154 2714 igiturhabemus
1167 2657 1195 2703 in
1206 2656 1303 2703 Christo.

211 2770 213 2774 .
247 2728 285 2774 96.
302 2727 382 2773 Primo
400 2728 475 2786 igitur
489 2727 534 2774 hos
550 2729 648 2774 veloces
665 2728 745 2775 motus
770 2723 853 2768 Omnis
864 2725 945 2769 anima
957 2724 1055 2770 accedat
1063 2724 1095 2768 ad
1103 2734 1184 2784 eum,
1197 2727 1249 2772 sive
1259 2738 1305 2771 cor·

211 2796 324 2854 ,corporis
341 2796 458 2852 domitet,
476 2797 501 2841 et
511 2809 579 2841 nexu
593 2797 694 2841 rationis
708 2798 745 2842 in·
770 2793 893 2850 poralibus
913 2806 977 2852 aegra
1001 2794 1123 2852 peccatis,
1150 2796 1206 2842 sire
1231 2796 1304 2842 clavis

218 2866 304 2910 tranet
317 2877 323 2908 ε
336 2864 394 2910 dein
402 2865 486 2910 caveat
495 2876 526 2909 ne
538 2863 629 2922 dispari
640 2866 708 2910 motu
719 2878 745 2911 se
770 2863 915 2920 quibusdam
927 2862 1047 2908 saecularis
1059 2863 1211 2920 cupiditatis
1219 2866 1304 2922 infixa,

217 2934 286 2979 velut
297 2933 354 2991 equi
368 2932 492 2991 implicet,
504 2934 531 2977 ut
542 2934 632 2978 bonum
646 2935 688 2978 aut
698 2934 745 2978 iru-
770 2931 822 2976 sive
835 2931 978 2989 imperfecta
992 2931 1071 2976 adbuc
1080 2932 1205 2992 quidem,
1217 2935 1259 2981 sed
1269 2935 1304 2979 in-

151 3051 154 3057 ,
218 3001 744 3060 probusdecoloret,auttardnsimpediat,
770 2999 838 3045 tenta
860 2999 942 3045 tamen
970 2997 1134 3045 meditatione
1160 3004 1303 3060 proficiens,

219 3071 260 3113 aiut
280 3068 393 3113 turbidus
413 3069 548 3125 inquietet3
571 3067 655 3112 tremit
678 3069 744 3113 enim
770 3067 822 3112 sire
833 3067 916 3113 multis
928 3067 1010 3125 aliqua
1022 3066 1053 3113 sit
1066 3067 1119 3122 ianr
1131 3071 1247 3127 perfecta
1256 3072 1303 3117 rir-

219 3136 413 3194 oquusmalitiaa,
422 3136 640 3193 sesequejactando
647 3149 744 3183 currum
771 3134 864 3181 tutibus
875 3149 881 3179 ε
894 3137 971 3182 omnis
981 3136 1005 3181 in
1015 3135 1111 3181 Domini
1121 3139 1249 3195 potestate
1258 3141 1302 3197 est,

204 3199 208 3238 t
219 3204 299 3260 laedit,
311 3203 395 3262 gravat
404 3204 519 3261 jugalem.
533 3205 601 3249 llrurc
610 3204 689 3250 bonus
702 3218 745 3252 au·
771 3204 796 3248 et
807 3203 887 3247 omnin
902 3203 1011 3250 Christus
1023 3206 1059 3250 est
1075 3207 1161 3254 nahts.
1180 3210 1207 3254 Si
1219 3210 1303 3255 vulnus

218 3273 270 3330 riga
281 3271 414 3331 demulcet,
428 3273 453 3318 et
467 3273 493 3318 iu
505 3285 617 3331 campum
634 3275 746 3322 veritatis
771 3283 856 3317 curare
873 3272 1010 3329 desideras,
1027 3274 1142 3322 medicus
1161 3278 1201 3324 est
1213 3291 1220 3322 z
1232 3279 1254 3324 si
1271 3279 1304 3323 te·

218 3340 343 3399 immittit,
358 3340 449 3386 fraudis
469 3340 576 3386 declinat
591 3341 744 3389 amfractum.
770 3339 963 3398 bribusaestuas,
975 3340 1073 3388 tonsest
1085 3357 1091 3387 :
1104 3345 1125 3389 si
1140 3348 1254 3404 gravaris
1263 3348 1304 3392 ini·

171 3448 173 3452 ,
218 3410 293 3456 'l'utus
301 3410 331 3455 ad
339 3410 462 3467 superiora
472 3422 555 3454 cursus
563 3409 599 3455 est
608 3441 615 3465 ,
623 3410 746 3468 periculo·
771 3408 877 3465 quitata,
887 3408 983 3464 justitia
992 3411 1029 3455 est
1041 3423 1046 3455 ι
1061 3411 1082 3456 si
1093 3414 1195 3460 auxilio
1204 3415 1305 3474 indiges,

219 3489 259 3524 sus
269 3478 299 3523 ad
314 3477 429 3523 interiora
446 3478 584 3523 descensus.
602 3478 661 3523 lmle
676 3481 744 3536 quasi
770 3476 849 3522 virtus
860 3479 912 3523 est:
925 3478 944 3522 si
959 3480 1061 3524 mortem
1075 3479 1170 3540 times,
1183 3485 1237 3529 vita
1253 3485 1303 3530 est:

219 3544 315 3592 emeriti
337 3545 379 3604 qui
400 3545 462 3590 bene
484 3545 635 3602 portaverint
659 3545 744 3603 jugum
770 3545 1127 3605 sicoeiumdesi‹lcras,viaest
1141 3564 1148 3596 ε
1163 3538 1306 3600 sitenebras

204 3613 308 3671 ⁴Verbi,
324 3625 400 3670 usqne
417 3613 448 3656 ad
464 3612 560 3657 Domini
574 3625 684 3671 praesepe
700 3616 745 3661 du·
770 3614 847 3672 iugis,
867 3615 912 3660 lux
930 3616 966 3661 est
982 3629 989 3659 :
1007 3617 1027 3661 si
1039 3617 1124 3663 cibum
1143 3622 1253 3682 quaeris,
1265 3623 1307 3668 ali·

219 3683 322 3739 curatur,
334 3682 360 3727 in
368 3693 468 3740 quonou
478 3680 569 3726 foenuin
579 3681 616 3729 est
624 3685 744 3741 esca,sed
770 3684 880 3730 mentum
900 3685 944 3731 est.
965 3686 1059 3732 Gustata
1078 3687 1177 3747 igitur,
1201 3695 1223 3738 et
1240 3694 1307 3738 uidete

220 3751 289 3811 panis
297 3752 339 3810 qui
351 3750 476 3798 descendit
489 3763 502 3796 e
513 3752 582 3797 coelo.
771 3755 881 3812 parentam
897 3755 974 3801 sauata
983 3756 1016 3800 cst
1026 3756 1147 3804 Dominus
1161 3773 1169 3804 :
1184 3759 1266 3808 beatas
1277 3763 1308 3806 uir

250 3820 374 3876 97.llu1us
385 3832 469 3864 currus
478 3819 536 3865 rotae
545 3819 646 3878 sunt,de
657 3822 745 3879 quibus
771 3823 811 3881 qut
818 3824 895 3880 sperat
906 3824 930 3867 ta
944 3837 978 3868 co,

220 3885 285 3933 dixit
301 3887 418 3944 propbeta
432 3901 437 3932 :
451 3890 482 3933 Et
492 3890 586 3946 spiritus
596 3890 649 3935 vttoe
660 3893 711 3935 crat
721 3893 745 3936 tn
802 3890 854 3936 loe,
872 3889 985 3948 Speravit
1000 3891 1026 3935 in
1043 3902 1073 3936 ee
1087 3890 1149 3951 illa,
1164 3908 1225 3954 quae
1244 3897 1310 3943 ilnxu

221 3955 295 4010 rotis;
311 3966 339 3998 eo
351 3955 415 4011 aptiori
429 3967 513 4000 currus
531 3955 618 4001 animae
637 3955 701 4001 teres
720 3957 746 4003 et
771 3958 895 4015 sanguinis
906 3959 1044 4016 laborabat,
1056 3961 1312 4012 etcentinuosanata

220 4019 339 4067 rotundus
348 4022 400 4087 sine¹
409 4022 458 4068 ulla
470 4022 600 4070 offensione
610 4023 729 4071 volvatur.
771 4025 808 4071 est
820 4039 826 4070 ι
839 4025 880 4073 sed
890 4031 947 4087 quia
959 4026 1037 4075 fidelis
1048 4031 1168 4078 accessit.
1181 4035 1212 4080 Et
1222 4036 1249 4082 tu
1259 4046 1312 4082 cum
