2752 4814
348 411 389 457 DE
408 412 567 458 OFFICHS
582 413 838 468 utulsvaouuor,
859 412 1003 458 albanu.
1148 454 1150 459 .
1187 409 1231 457 169

142 487 259 538 alwimouia
270 503 321 540 nou
332 493 503 542 exhauriatur.
514 495 552 542 Dc
564 506 593 542 eo
605 493 671 542 euim
699 491 763 543 illud
771 493 928 542 liberalitatis
935 492 1000 554 quod
1008 488 1135 553 Apostolus
1144 491 1228 539 docete

142 557 228 618 loquor
241 559 284 618 qui
294 562 383 619 praeest
399 561 473 609 alicui
486 562 600 622 muneri,
612 563 641 609 ut
652 562 671 608 si
700 564 728 610 Ut
738 564 760 610 si
770 565 822 622 quoio
834 563 906 620 fidelis
917 562 986 609 leobet
996 562 1092 618 uidcor,
1107 559 1232 606 cubonima-

142 626 251 675 odicium
262 629 393 678 sacerdotis
404 630 485 690 gerat,
497 633 538 679 aut
549 631 673 691 dispensa·
699 633 743 677 iret
751 632 797 678 iltis
803 662 812 688 ‚
820 632 847 678 at
854 643 937 677 corum
946 629 1064 677 admonita
1072 628 1175 674 Ecetram
1183 639 1231 673 nore

143 695 217 755 toris3
234 696 263 744 ut
273 698 303 745 de
314 699 353 746 bis
365 700 477 759 suggerat
488 700 615 759 episcopo,
626 713 672 747 neo
698 700 822 758 moretur,
839 701 866 746 at
880 698 916 747 bis
931 711 982 759 gum
997 710 1051 746 aere
1069 697 1144 744 mduoe
1159 697 1230 752 aaut,

142 765 261 824 reprimat
269 766 290 813 si
298 768 484 828 quempositum
493 767 672 816 iuuecessitate
696 768 805 826 summat¹

141 832 224 892 aliqua
234 836 442 897 cognoverit,aut
450 836 577 896 dejectum
585 836 673 896 opibus
728 837 766 882 75.
778 835 852 883 Utilis
870 834 947 893 igitur
963 832 1103 892 huiusmodi
1116 831 1229 879 liberali-

142 899 175 946 ad
200 901 292 961 inopias
317 904 490 952 necessitatem
515 904 642 953 redactum
664 916 670 948 τ
697 904 863 962 tas,seduon
881 903 1018 950 eommunis
1033 901 1155 949 omuibus.
1168 900 1229 948 Sunt

141 969 252 1015 maxime
264 969 284 1016 si
295 982 344 1016 uon
355 971 472 1020 effusione
485 971 670 1030 adolescentiae,
697 973 764 1018 euim
775 973 888 1032 plerique
901 972 976 1019 etiam
991 970 1040 1017 viri
1051 970 1124 1028 boui,
1137 970 1179 1028 qui
1190 971 1229 1017 te·

142 1036 187 1084 sed
205 1037 344 1098 direptione
368 1040 474 1098 alieuius
497 1042 524 1087 et
541 1041 670 1087 amissione
697 1052 759 1088 nues
769 1041 827 1088 suut
838 1052 929 1098 censu,
940 1038 1049 1086 conteuti
1061 1036 1161 1097 quidem
1172 1037 1229 1083 exi·

140 1104 283 1164 patrimonii
301 1105 328 1152 in
344 1119 399 1154 eam
410 1107 529 1154 reciderit
539 1107 670 1165 injuriam,
696 1120 744 1167 guo
763 1109 795 1156 ad
812 1109 851 1156 sui
870 1121 958 1166 usum,
976 1107 1021 1156 sed
1036 1118 1087 1153 nou
1098 1105 1182 1151 idonei
1197 1105 1229 1151 ad

141 1173 170 1222 ut
196 1178 306 1223 sumtum
331 1187 450 1224 exercere
477 1176 595 1224 diurnum
622 1187 672 1222 nou
697 1177 835 1224 subsidium
846 1176 958 1224 levandae
968 1173 1120 1234 paupertatis
1131 1173 1227 1229 alienae,

140 1245 223 1303 queat.
697 1249 779 1292 tamen
796 1246 906 1306 suppetit
922 1245 990 1293 aliud
1005 1242 1174 1292 oeueoceuoae
1185 1252 1228 1300 gc-

172 1313 211 1360 70.
227 1313 328 1362 Summa
339 1315 414 1362 otiam
425 1312 575 1374 liberalitas,
589 1312 672 1373 captos
696 1326 762 1374 uus,
783 1326 832 1374 quo
852 1313 940 1371 juvare
960 1313 1053 1373 possint
1073 1310 1226 1358 interiorem.

141 1381 385 1442 redimere‚eripere
393 1396 426 1430 ex
432 1382 540 1429 bostium
547 1383 671 1441 manibus,
697 1383 737 1428 list
754 1382 821 1428 euim
847 1382 939 1441 duplex
949 1380 1099 1438 liberalitas,
1111 1390 1160 1424 una
1171 1389 1226 1436 quta

142 1449 289 1498 subtrahere
308 1452 364 1498 neci
380 1451 506 1509 homiues,
524 1450 550 1498 et
563 1450 671 1497 maxime
696 1449 804 1496 subsidio
816 1449 854 1497 rei
865 1449 979 1508 adjuvat,
991 1449 1080 1506 idest,
1091 1460 1139 1494 usu
1150 1457 1228 1505 pecu·

141 1517 671 1581 feminasturpitudini,redderepar'eutibus
696 1518 743 1566 nim
754 1533 761 1565 r
774 1522 851 1568 altera
862 1534 916 1581 qum
927 1532 1028 1580 operum
1039 1516 1169 1565 collatione
1180 1514 1227 1562 im·

141 1586 246 1647 liberos,
262 1591 376 1648 parentes
391 1591 491 1650 liberis,
504 1589 571 1636 ciues
584 1590 670 1648 patriae
694 1590 820 1649 penditur,
828 1590 906 1638 mutto
914 1588 1056 1650 frequenter
1063 1584 1225 1648 splendidior,

140 1657 281 1704 restituero.
294 1660 354 1705 Nota
365 1660 424 1706 sunt
432 1659 485 1706 baec
493 1658 668 1718 uimislllyrici
695 1660 820 1718 multoque
832 1660 929 1707 clarior.

142 1724 256 1773 vastitate
273 1729 298 1774 et
313 1726 443 1774 Tbraciaa*
454 1741 461 1773 r
474 1728 561 1788 quauti
575 1728 669 1787 ubique
725 1725 764 1774 vt.
782 1730 879 1787 Quanto
897 1727 1020 1776 illustrius
1032 1726 1154 1774 Abraham
1166 1735 1226 1783 cap-

142 1794 244 1842 veuales
255 1795 324 1842 erant
333 1796 383 1842 toto
392 1796 485 1855 captivi
495 1795 570 1853 orbe,
580 1796 670 1855 quossi
695 1797 748 1843 tum
757 1798 832 1844 munis
839 1797 984 1845 victricibus
994 1794 1090 1853 recepit
1100 1793 1225 1851 nepotem,

141 1872 243 1909 revoces
255 1895 263 1921 ,
284 1863 359 1910 unius
382 1863 518 1922 provinciae
539 1876 670 1910 numerum
695 1865 800 1923 quamsi
811 1864 972 1912 redemisset?
983 1863 1077 1921 Quanto
1089 1861 1175 1908 utilius
1185 1872 1226 1906 re-

143 1928 245 1989 expl'ere
263 1943 312 1977 nou
330 1931 443 1989 possint?
458 1931 567 1979 Fuerunt
588 1932 671 1976 tamen
695 1945 751 1990 gem
761 1934 912 1980 Pharaonem
920 1933 1018 1980 sauctus
1026 1930 1116 1989 loseph
1124 1926 1226 1974 consilio

141 1999 186 2057 qui
203 1999 229 2045 et
247 2011 308 2058 quos
325 1999 440 2046 Ecclesiae
456 1999 630 2055 redemerunt,
645 1998 671 2044 in
695 2001 859 2058 providentiae
867 2001 948 2059 J'uvit,
961 2011 1034 2060 quam
1050 1998 1071 2044 si
1082 1994 1226 2044 contulisset

143 2066 288 2113 servitutem
303 2079 422 2116 revocare
431 2067 539 2126 vellent,
555 2067 607 2125 ipsa
617 2079 672 2125 gra-
695 2066 843 2126 pecuniam?
852 2069 958 2115 Pecunia
970 2067 1037 2113 enirn
1047 2065 1120 2112 unius
1136 2062 1226 2109 eivita-

142 2133 224 2181 viorcs
236 2135 394 2196 captivitate,
406 2135 448 2196 qui
457 2134 597 2181 inviderent
608 2133 671 2180 alie·
696 2135 727 2182 tis
738 2148 787 2182 nou
796 2135 903 2182 redemit
912 2135 1050 2187 ubertatem
1060 2147 1066 2178 ι
1076 2131 1225 2193 prospicien-

141 2213 200 2249 nam
216 2203 416 2251 misericordiam.
428 2204 475 2264 lpsi
493 2203 514 2251 si
529 2204 555 2249 iu
567 2202 671 2262 captivi·
696 2202 729 2250 tia
740 2204 815 2251 totius
825 2205 919 2265 AEgypli
928 2217 973 2266 pcr
979 2201 1176 2264 quinquennium
1187 2198 1224 2246 ta-

141 2272 218 2319 tatem
235 2273 381 2332 venisseut,
402 2273 523 2321 servirent
545 2272 618 2319 liberi
630 2286 636 2318 r
650 2271 669 2318 si
695 2285 759 2320 mem
770 2275 871 2333 repulit.

142 2341 236 2389 venditi
245 2340 670 2400 tuissent,servitutismiuisterium
725 2342 1222 2403 revacileautempecuniaeonsumitur,

142 2409 671 2468 nourecusareut3etvoluutalieuamliber·
695 2411 795 2457 cousilIa
815 2410 943 2458 exhauriri
962 2411 1083 2458 nesciunt.
1103 2413 1160 2458 llaec
1178 2423 1224 2457 usu

141 2478 218 2524 tatem
229 2478 383 2536 rescindere,
394 2477 515 2537 quisnam
526 2476 671 2522 servitutem
696 2479 815 2537 augentur
826 2491 833 2524 a
845 2478 950 2537 pecunia
971 2478 1111 2536 minuitur,
1130 2479 1157 2524 et
1175 2478 1224 2524 cito

142 2559 192 2593 nou
207 2546 307 2605 possent
317 2547 470 2602 rescindere,
480 2545 528 2590 nisi
540 2543 602 2591 torto
613 2555 672 2602 pre·
696 2546 792 2603 delicit,
803 2547 878 2605 atque
890 2546 968 2604 ipsam
978 2545 1093 2592 destituit
1111 2545 1225 2603 benigni-

141 2614 205 2660 tium
217 2614 329 2672 recipere
340 2613 428 2660 emtori
441 2613 552 2671 placeret
566 2612 610 2656 :iu
623 2622 671 2669 quo
696 2613 787 2672 tatem3
796 2613 824 2658 ut
835 2624 883 2670 quo
893 2612 1006 2670 pluribus
1015 2611 1097 2671 largiri
1105 2610 1224 2669 volueris,
1313 2646 1318 2652 .

141 2683 226 2728 tamen
236 2693 285 2727 nou
294 2680 443 2728 rescinditur
450 2679 571 2738 servitus,
583 2678 672 2724 sedre·
697 2692 726 2727 eo
737 2680 864 2740 pauciores
873 2680 988 2738 adjuves,
997 2680 1094 2740 etsaepe
1104 2679 1151 2727 tibi
1160 2679 1225 2726 desit

141 2749 255 2797 dimitur.
696 2748 762 2807 quod
772 2749 827 2795 aliis
839 2747 1014 2795 conterendum
1022 2749 1156 2808 putaveris.
1165 2749 1226 2795 Gou-

174 2819 212 2866 vl.
232 2819 356 2878 Praecipua
375 2817 412 2866 est
430 2817 505 2878 igitur
520 2816 671 2876 liberalitas,
696 2817 745 2864 silii
756 2821 839 2865 autem
854 2817 985 2877 operisque
1004 2818 1117 2877 collatio,
1133 2829 1181 2877 quo
1196 2817 1225 2863 iu

141 2885 263 2932 redimere
274 2886 435 2945 captivos,et
443 2883 550 2931 maxime
561 2885 592 2930 ab
601 2883 671 2930 hoste
696 2886 779 2946 plures
800 2886 965 2946 diduuditur,
995 2898 1025 2933 eo
1050 2885 1226 2934 redundantior

142 2954 263 3013 barbaro,
275 2955 318 3014 qui
329 2955 394 3001 nibil
405 2954 499 3002 delerat
510 2952 671 2999 humanitatis
696 2957 792 3016 manet,
804 2956 831 3002 et
841 2956 868 3002 iu
879 2968 951 3002 suurn
960 2954 1053 3002 iontem
1063 2954 1177 3002 recurrit.
1195 2954 1223 2999 lu
1237 2960 1241 2969 ¹

142 3023 174 3071 ad
193 3024 400 3083 misericordiam,
417 3023 466 3070 nisi
485 3022 549 3082 quod
567 3022 671 3069 avaritia
696 3036 721 3071 se
734 3026 800 3071 euim
811 3023 896 3071 refluit
913 3024 1012 3072 ubertas
1029 3023 1167 3084 prudentiae
1178 3035 1185 3068 r
1198 3022 1225 3069 et

143 3094 308 3141 reservaverit
318 3092 349 3140 ad
360 3094 538 3141 redemtionem
549 3105 556 3137 a
568 3105 601 3139 aes
611 3092 671 3138 alie·
695 3105 743 3151 quo
754 3094 866 3152 pluribus
880 3092 998 3152 duxerit,
1010 3104 1038 3141 eo
1049 3091 1186 3140 exercitius
1196 3090 1224 3139 tit

117 3200 120 3207 .
143 3173 201 3208 num
220 3164 317 3223 subire,
337 3163 357 3209 si
369 3163 466 3211 debitor
485 3162 603 3210 solvendo
622 3175 671 3208 uon
696 3175 767 3211 omne
775 3161 840 3224 quod
848 3162 969 3210 remanet.

141 3229 190 3288 sit,
200 3231 273 3290 atque
291 3231 386 3278 artetur
396 3231 425 3277 ad
437 3230 598 3286 solutionem,
616 3241 670 3289 quae
926 3269 1003 3282 ..-

142 3298 176 3346 sit
191 3299 247 3357 jure
266 3299 364 3358 debita,
385 3299 410 3346 et
429 3299 515 3358 iuopia
534 3298 670 3345 destituta:
815 3334 816 3337 ,

142 3368 252 3415 curruirc
263 3368 508 3427 parvulos,pupillos
519 3366 603 3413 tueri·
847 3331 972 3384 CAPUT
990 3328 1075 3382 XVI·

172 3437 284 3483 72,Sunt
301 3437 376 3484 etiam
393 3437 436 3496 qui
446 3432 562 3495 'gip-gipes
576 3435 673 3482 orbatas
696 3431 787 3471 Modum
798 3433 821 3470 iu
834 3433 961 3471 liberalitate
973 3433 1118 3480 servandum,
1130 3443 1158 3470 ue
1172 3442 1225 3480 pro-

142 3505 285 3564 pareuiibus
316 3505 415 3552 tuendae
443 3505 569 3564 pudicitiae
596 3505 672 3564 gratia
724 3487 1226 3588 522¹&sser3ir¹¹¹on³fflss⁰ffl⁰ssrffi2¹gffi

142 3572 371 3631 connubioloceut,
384 3585 430 3621 uec
440 3574 517 3622 solum
526 3573 606 3620 studio
613 3606 621 3632 ,
629 3575 673 3621 sed
723 3594 872 3632 mmmm„
883 3597 1023 3643 eleemosynas
1032 3605 1037 3630 :
1047 3593 1082 3631 ,gg
1092 3591 1226 3629 imitandum

144 3643 219 3691 ctiam
229 3643 311 3688 sumtu
321 3642 448 3700 adiuvent.
460 3644 500 3690 Est
511 3644 586 3690 etiam
596 3656 673 3702 genus
721 3649 809 3684 beatum
823 3646 911 3694 Joseoh.
920 3649 982 3694 cuius
993 3646 1107 3693 prudentia
1119 3645 1225 3693 prolixio-

726 3701 786 3737 ribus
796 3700 866 3738 verbis
874 3701 1045 3737 commendatur.

166 3758 176 3777 ⁸
185 3756 295 3795 Probabile
302 3758 331 3792 est
339 3755 421 3792 cladem
428 3756 484 3792 hane
494 3759 588 3792 atrocem
596 3754 674 3792 Valeri·
881 3785 887 3795 ,
906 3786 912 3797 ,
1141 3781 1147 3792 .
1244 3760 1246 3764 ’

142 3808 317 3857 rumperemus
331 3807 413 3844 enarum
426 3810 538 3855 sepultam
554 3817 607 3852 essm
622 3818 673 3845 cum
728 3784 766 3831 76.
775 3785 956 3844 Lrpurrrgrtur
965 3783 1055 3830 debere
1067 3794 1119 3830 esse
1130 3780 1223 3829 libera-

143 3865 207 3914 ipsius
219 3863 311 3901 ducibus
323 3861 418 3908 Trojano
432 3866 453 3899 et
469 3861 589 3900 Sebastiano
604 3863 673 3910 eaesis,
698 3853 774 3902 litatis
785 3853 898 3911 modum,
909 3865 941 3900 lle
955 3852 997 3899 fiat
1010 3852 1105 3900 inutilis
1115 3852 1223 3911 largitas.

144 3916 247 3963 omnique
256 3914 308 3952 adeo
319 3913 416 3950 exercitu
431 3911 577 3950 internecione
589 3913 675 3964 deleto,
698 3922 821 3970 sobrietas
838 3922 945 3969 tenenda
956 3920 1006 3980 est,
1017 3921 1125 3968 maxime
1143 3932 1224 3967 sacer.

145 3969 399 4068 {ff‘ffisslsnffifflss
411 3967 674 4068 ζξξῗζὲζξζῃξὲρζᾙ
698 3992 809 4050 dotibus,
824 3992 854 4038 ut
870 4002 918 4038 non
928 4001 972 4050 pro
983 3989 1115 4048 jactantia,
1125 3989 1169 4036 sed
1180 4002 1224 4049 pro

144 4074 217 4112 omnia
226 4075 274 4123 igue
286 4076 389 4122 ferroque
397 4075 492 4124 populati
499 4076 555 4113 autri.
696 4061 792 4122 justitia
805 4060 955 4122 dispensent.
966 4060 1088 4127 ΝῑψῙΙΙᾶΠ]
1099 4059 1166 4108 ellim
1176 4071 1227 4106 liid-

1194 4388 1358 4512 fl
