2752 4814
455 402 769 470 *unrrnnurnunn
1114 399 1161 450 uro

80 485 111 532 est
131 485 193 534 esaim
213 486 319 535 odontes
342 486 422 534 Patris
446 487 493 533 mei
509 487 551 546 poi
568 499 605 532 me
629 483 725 544 species
734 482 828 532 cruorIs
837 482 935 544 mystici
946 495 1001 544 quae
1012 483 1076 534 loret
1087 498 1160 534 mun·

79 554 153 611 anisii,
163 557 190 630 pt
200 556 275 602 omnis
285 556 327 614 pot
335 556 396 602 videt
406 555 493 603 litium
502 557 525 602 et
536 555 607 610 credit
630 550 850 610 dum'redemtura,
859 552 982 600 vernaret.
991 554 1029 600 lta
1037 553 1095 601 ioris
1102 556 1161 603 iesu

79 621 104 665 in
114 634 175 678 eum,
183 622 268 669 lrabeat
278 624 353 670 eitam
362 623 490 682 etonem
499 621 525 669 et
532 620 605 668 alibi:
630 633 721 668 nomeu
730 621 780 668 tuit
794 620 963 680 praeliantibus
973 621 1005 668 ad
1019 621 1158 682 victoriam,

79 689 176 736 creditis
183 691 209 736 in
218 692 304 747 Deum,
315 693 337 738 et
346 693 371 737 in
382 704 418 737 me
428 693 521 738 credite.
630 689 697 737 intus
706 689 802 749 speeies
818 689 952 735 Dominicae
962 689 1082 749 passionis
1091 691 1160 749 peri-

108 753 162 800 115.
181 756 257 804 Nemo
279 769 336 816 ergo
354 756 445 804 Filium
462 757 516 804 sine
534 755 607 805 Patre
631 757 773 804 clitsntibus
784 757 814 805 ad
825 756 939 805 salutem.
954 757 1024 805 llnde
1039 756 1102 818 -quia
1120 757 1161 805 in·

78 824 197 885 accipiat,
214 827 271 886 quia
289 827 378 874 Filium
394 827 509 886 legimus.
526 827 608 874 Habet
631 825 730 874 lellexit
762 825 847 872 liabsb
874 824 975 872 coeleste
1000 825 1160 885 mysterium,

77 891 173 939 Patrem
192 894 280 954 Filius,
299 895 410 942 sednon
429 895 606 955 temporalem,
631 893 692 941 dicit
703 895 822 941 Dominus
843 893 869 940 iu
880 894 973 953 psalmo
992 897 1101 942 :Memor
1120 908 1161 943 ero

78 969 126 1005 non
142 972 174 1006 ex
184 963 313 1021 passione,
322 974 371 1010 uon
382 975 415 1010 ex
430 962 606 1022 conceptione,
630 963 714 1010 liobab
724 966 747 1010 ct
756 963 1012 1022 Babylontsscicntisos
1021 976 1068 1010 me.

78 1037 127 1073 non
139 1040 171 1074 ex
186 1031 273 1087 pratia.
284 1031 474 1078 Generationem
484 1031 548 1089 legi,
558 1043 607 1077 non
661 1030 715 1079 liD.
734 1030 858 1089 Quomodo
877 1043 934 1089 ergo
955 1033 1055 1078 nonest
1071 1043 1160 1079 verum

78 1093 607 1159 legicouceptionemAEtPaterdicit,penui,
631 1097 802 1145 testimouium
819 1099 904 1156 tuum,
919 1097 1038 1155 Domine,
1056 1097 1106 1144 nisi
1122 1109 1163 1144 se·
1191 1110 1196 1120 “

77 1174 126 1209 non
137 1165 211 1225 dicit,
223 1166 304 1213 creavi
316 1180 323 1211 =
336 1166 361 1213 et
377 1166 454 1213 Filius
470 1177 520 1213 uon
539 1179 608 1213 crea·
632 1165 742 1212 cundum
752 1165 910 1226 fragilitatem
920 1163 1065 1213 bominum!
1082 1165 1164 1214 Omnis

80 1231 157 1279 lorens
167 1247 238 1281 suum
249 1235 329 1281 Deum
339 1234 473 1280 secundum
483 1233 608 1281 aeternita-
632 1233 699 1279 euim
710 1234 779 1281 bomo
791 1236 902 1282 mendac.

80 1305 131 1352 tem
149 1304 240 1351 divinae
258 1302 439 1362 generationis,
450 1302 494 1350 sed
511 1303 607 1350 Patrem
662 1302 715 1349 150.
727 1303 839 1363 Denique
849 1304 878 1350 ut
888 1303 1024 1352 secuudum
1035 1301 1163 1350 bominem

79 1371 199 1419 nominat.
354 1400 358 1405 a
578 1415 583 1425 ‚
632 1369 724 1418 dixisse
735 1384 760 1417 se
773 1371 1010 1430 demonstraret,ait
1025 1373 1091 1433 :Qui
1099 1370 1164 1418 misit
1252 1421 1258 1429 ⁴
1297 1344 1300 1351 Ι

109 1439 163 1487 lat.
175 1433 205 1488 Se
216 1454 311 1502 quoque
326 1453 392 1490 nuuc
403 1454 435 1489 ex
445 1452 548 1502 persona
562 1441 608 1487 bo-
630 1442 807 1500 mauriennae
816 1442 962 1487 testimonum
968 1440 1072 1500 perbibet
1080 1441 1107 1487 de
1115 1452 1162 1487 mc.

78 1507 239 1567 minis,nunc
248 1509 274 1555 iu
282 1510 329 1557 Dei
337 1509 464 1567 maiestate
473 1509 606 1569 siguificat:
630 1507 722 1553 Verum
735 1509 817 1555 autem
835 1509 873 1555 est
891 1508 1061 1555 testimouium
1073 1518 1163 1553 secuu-

79 1588 145 1624 nunc
154 1576 274 1624 unitatem
285 1578 332 1625 sibi
344 1577 481 1626 divinitatis
489 1590 545 1624 cum
555 1578 607 1624 Deo
632 1575 689 1622 dum
708 1574 879 1635 divinitatem,
899 1575 963 1623 sicut
981 1574 1034 1636 ipse
1051 1575 1111 1622 ait:
1130 1576 1164 1623 ut

78 1643 148 1696 Patre
164 1644 303 1704 vindicans,
315 1657 381 1692 nunc
392 1644 552 1705 fragilitatem
562 1645 608 1692 bu·
630 1659 711 1693 oerum
721 1649 754 1693 est
771 1646 927 1694 testimonium
937 1657 1015 1692 mcum
1019 1659 1029 1705 3
1040 1645 1097 1705 onio
1115 1643 1164 1692 scio

78 1725 157 1761 manas
174 1713 254 1762 carnis
272 1715 421 1762 adsumenss
438 1726 505 1761 nuno
517 1713 608 1760 doctri·
630 1715 690 1759 undo
708 1715 775 1768 veni,
786 1715 808 1760 et
825 1714 939 1772 puovodo
950 1727 959 1760 .-
969 1725 1010 1760 oos
1024 1715 1103 1758 nutem
1122 1723 1164 1758 ne·

79 1793 137 1827 nam
147 1794 216 1828 suain
227 1794 253 1829 se
264 1794 313 1828 uon
322 1783 430 1840 habere,
439 1794 506 1828 nuuc
522 1781 609 1828 volun·
630 1781 693 1827 scitis
702 1783 762 1826 unde
771 1781 838 1836 oeni,
849 1782 870 1827 et
881 1792 926 1839 quo
936 1781 1006 1826 vodo.
1018 1781 1067 1827 Vos
1076 1791 1160 1826 secuu-

80 1852 157 1899 tatem
176 1862 245 1897 suam
269 1861 364 1897 senon
382 1860 493 1907 quaerere
513 1860 521 1893 ε
543 1860 608 1894 nuuc
631 1847 688 1892 dum
698 1859 792 1893 corneos
804 1846 927 1904 judicetis.
938 1846 992 1891 lton
1008 1857 1064 1904 ergo
1074 1856 1163 1891 secun·

80 1917 248 1966 testimouium
273 1929 345 1963 suum
362 1928 450 1964 verum
464 1926 523 1974 ,nou
541 1927 609 1975 esse,
632 1912 691 1960 dum
702 1913 871 1972 divinitatem,
882 1913 925 1960 sed
936 1912 1072 1959 secundum
1082 1911 1163 1958 bomi-

79 1998 146 2033 nune
158 1997 244 2034 verum
258 1997 310 2032 osse
329 1983 475 2042 significans.
485 1983 545 2030 Nam
555 1984 608 2044 ipse
632 1991 690 2026 nem
698 1980 824 2040 iudicant,
835 1981 879 2040 qui
886 1980 976 2040 putant
987 1980 1082 2029 Christo
1093 1980 1163 2029 testi·

80 2054 145 2103 dixit
155 2057 243 2114 :stepo
254 2055 410 2101 testimoninm
418 2052 525 2112 portatico
535 2054 563 2100 dc
572 2067 609 2100 ane
632 2046 721 2094 ficandi
731 2049 861 2096 scientiam
873 2048 994 2099 defuisse.

79 2127 145 2185 ipso,
157 2125 311 2172 testimonium
322 2135 399 2168 mom
414 2123 505 2168 nonest
518 2135 608 2169 oerum
663 2117 716 2163 151.
729 2119 790 2177 Ergo
809 2130 867 2165 curn
884 2117 954 2165 audis
969 2131 976 2164 ε
989 2119 1036 2181 Qui
1052 2120 1123 2168 credit
1138 2118 1164 2167 tn

80 2193 110 2240 ut
126 2192 179 2252 ipse
199 2192 226 2239 iu
243 2191 419 2252 posterioribus
433 2189 468 2237 ait
480 2203 486 2235 :
498 2191 551 2237 Etsi
568 2204 609 2252 epo
632 2199 683 2243 me,
693 2199 741 2233 non
751 2187 823 2234 credit
833 2189 858 2233 tn
868 2200 920 2247 τηις
932 2188 976 2235 et:
989 2190 1034 2249 Qui
1044 2189 1107 2236 misit
1124 2201 1163 2240 me

81 2264 237 2310 testimonium
254 2259 362 2321 perhibeo
377 2260 405 2307 de
421 2271 466 2317 me,
477 2271 558 2306 oerum
575 2263 609 2308 cst
632 2256 719 2312 Pater,
729 2256 777 2314 ipsc
797 2254 856 2303 mitri
873 2258 1011 2304 mandatnm
1029 2258 1107 2318 dedit;
1124 2255 1163 2302 di-

80 2331 236 2378 tsstimonium
247 2341 334 2376 meum.
632 2323 714 2371 dicisti
724 2335 772 2383 quo
787 2323 813 2370 id
831 2324 903 2384 putes
920 2337 974 2372 esse
992 2324 1161 2372 referendum.

74 2417 78 2425 ¹
112 2396 165 2444 lib.
180 2397 305 2455 Quomodo
315 2395 392 2457 igitur
402 2408 452 2443 non
469 2396 507 2446 cst
522 2408 609 2445 verum
632 2392 745 2451 Denique
753 2392 895 2440 mandatum
903 2392 968 2452 quod
976 2393 1049 2451 esset,
1057 2392 1165 2440 ostendit

81 2466 248 2513 testimonium
263 2466 348 2524 tuum,
363 2466 467 2510 nomine
485 2465 609 2522 lesu,cu1
633 2457 718 2505 diceus
729 2473 736 2505 ε
749 2462 815 2507 Dono
827 2462 933 2507 auduom
944 2473 1032 2518 meam,
1042 2462 1068 2507 ot
1077 2461 1164 2508 iterum

81 2534 125 2593 qui
136 2533 254 2591 eredidit,
265 2533 291 2578 lu
310 2544 381 2579 cruce
397 2531 457 2577 licet
467 2532 574 2591 positus,
585 2531 611 2579 et
633 2539 725 2573 mmom
735 2527 810 2574 idum.
821 2528 896 2574 Nesso
907 2529 966 2575 toltit
975 2541 1027 2575 eum
1038 2540 1114 2584 ome,
1125 2527 1164 2575 aod

82 2600 148 2656 inter
163 2599 266 2648 confessi
276 2598 377 2647 sceleris
388 2599 510 2658 supplicia
520 2599 611 2655 consti·
634 2608 673 2654 epo
683 2608 743 2655 pono
753 2609 807 2643 eom
816 2610 832 2642 o
840 2609 878 2642 me
888 2597 945 2656 ipso,
957 2595 1032 2642 Vides
1045 2595 1101 2643 ideo
1113 2595 1164 2642 dic·

80 2669 164 2728 tutus,
182 2668 269 2715 merita
286 2667 389 2715 latronis
407 2666 492 2728 exuit,
510 2667 611 2727 praemia
630 2663 736 2721 .tum,ut
747 2663 888 2711 ostenderet
895 2663 1000 2710 liberam
1007 2663 1054 2710 sibi
1066 2676 1162 2724 ponen-

83 2735 223 2784 innocentis
235 2733 357 2783 emeruit?
444 2767 446 2772 ·
583 2750 585 2755 ¹
635 2733 672 2780 ‹1ae
683 2745 711 2781 ac
727 2733 881 2781 resumendae
899 2733 1159 2794 unimae’potestatem

114 2805 167 2853 126.
179 2806 302 2865 Deceptus
321 2805 358 2852 est
376 2817 433 2865 ergo
450 2806 551 2866 Paulus,
567 2805 610 2865 qui
634 2802 698 2849 sicut
715 2802 767 2860 ipse
779 2801 861 2848 dixit:
871 2804 1012 2851 Potestotcm
1030 2802 1103 2850 babeo
1119 2817 1179 2863 pon

82 2873 139 2921 ideo
147 2874 242 2939 recepit
250 2874 412 2934 oculos,quia
424 2874 612 2935 credidit3quos
634 2873 705 2918 uendi
714 2885 779 2928 eom,
790 2873 813 2919 et
831 2874 968 2930 potestatem
987 2871 1061 2919 liabeo
1078 2873 1163 2925 iterans

82 2936 210 3002 amiserat,
222 2943 354 3002 antequam
364 2939 493 2989 crederet!
635 2941 740 2986 sumen&
756 2952 818 2987 eom.
836 2941 886 2987 Hoc
903 2941 1043 2988 mandatnm
1060 2941 1163 3002 acceptu

114 3009 167 3057 ¹27.
177 3011 303 3058 Enavitne
312 3010 388 3058 etiam
398 3012 470 3058 lesus
479 3010 560 3070 Nare,
569 3009 611 3072 qui
636 3008 707 3055 Patre
722 3020 783 3055 meo.

82 3078 171 3128 ducem
188 3081 285 3129 militiae
303 3081 411 3128 coelestis
428 3079 548 3140 agnouit?
564 3078 612 3127 Sed
644 3108 646 3112 -
666 3075 719 3122 151.
731 3074 788 3124 Sive
805 3075 882 3135 igitur
892 3075 1049 3136 mandatum,
1059 3076 1126 3138 sire,
1137 3077 1166 3126 ut

82 3148 238 3208 posteaquam
249 3149 369 3208 credidit,
380 3149 463 3196 statim
474 3147 548 3207 nicil,
559 3147 613 3206 dip-
635 3143 712 3205 aliqui
729 3145 800 3193 latini
813 3147 910 3195 codices
928 3147 1036 3207 babent,
1055 3159 1167 3206 praecep·

82 3227 130 3261 uns
139 3215 183 3275 qui
192 3215 250 3261 ildei
260 3215 344 3275 praello
354 3216 526 3274 triumpharet.
537 3215 613 3261 Deni·
636 3212 704 3272 tum,
723 3225 771 3259 non
789 3214 877 3272 utiquo
897 3215 1031 3261 seeundum
1051 3215 1167 3261 divinite·

83 3294 132 3340 que
141 3293 190 3328 non
201 3282 287 3328 seratas
297 3281 362 3328 acies
370 3282 397 3327 in
406 3283 474 3328 bella
483 3281 612 3340 produxit,
637 3281 702 3339 tem,
713 3280 757 3327 sed
767 3281 904 3329 secundem
918 3280 1114 3327 incarnationem
1125 3280 1167 3327 da·

83 3361 130 3397 nec
148 3349 244 3408 ariete,
267 3348 414 3407 caterisque
436 3350 613 3396 tormentorum
637 3349 693 3407 tur,
704 3347 879 3396 adsubeuudae
890 3348 1019 3396 victoriam
1036 3347 1164 3408 passionis.

84 3417 219 3477 machinis,
233 3416 277 3465 sod
292 3415 408 3463 tubarum
424 3417 520 3475 septem
532 3427 613 3464 saeer-
866 3470 936 3485 -
976 3436 979 3442 ·

84 3485 203 3533 dotalium
234 3496 306 3541 sono,
332 3496 458 3530 murorum
484 3482 614 3531 hostilium

85 3556 154 3614 septa
178 3553 300 3612 deposuit.
325 3552 362 3597 lta
387 3552 482 3598 bellum
508 3552 614 3600 immane
803 3553 929 3608 CAPUT
950 3553 1004 3605 XI.

85 3622 191 3670 conterit
206 3621 273 3669 tubae
284 3620 397 3680 claugor,
408 3618 434 3668 et
444 3619 524 3668 iulula
534 3633 615 3668 sacer-
935 3672 940 3682 ι
959 3672 963 3681 Ι
1094 3669 1100 3680 ι

86 3689 159 3738 (iotis,
638 3670 703 3720 Quod
712 3671 808 3710 cbristus
820 3673 906 3719 legatur
918 3671 994 3708 nrbsls
1006 3679 1027 3708 ss
1040 3670 1113 3716 loqur,
1125 3667 1166 3706 boe

204 3758 210 3772 .
230 3759 236 3772 .
419 3757 425 3769 .
589 3755 596 3768 .
661 3726 801 3763 referendum
816 3725 842 3762 ad
854 3726 918 3772 ipsius
933 3722 1168 3770 humanitatemouo-

116 3759 170 3806 m·
181 3759 249 3807 vum
262 3758 309 3807 ¹¹⁰⁰
326 3757 462 3818 memma
473 3757 499 3806 et
516 3770 570 3818 (ΙῙῙω
588 3769 614 3803 ¹¹¹
660 3777 798 3815 modoetiam
810 3776 930 3814 secundum
942 3775 1076 3813 divinitatem
1091 3772 1167 3810 audire

86 3827 184 3874 excidio
191 3828 299 3876 civitatis
307 3828 418 3875 remedia
427 3827 569 3885 desperaret
578 3838 616 3873 ss·
661 3840 686 3867 ac
698 3830 771 3867 ridere
784 3829 870 3867 Patrem
885 3833 944 3866 recle
959 3828 1052 3874 ulatur,
1064 3827 1168 3874 exposco.

87 3894 159 3955 lutis,
176 3896 235 3956 quia
258 3896 320 3943 lides
338 3896 446 3954 vicerat,
463 3895 532 3954 signa
557 3886 616 3942 fidei
661 3883 701 3922 Μ
712 3883 784 3920 orrum
793 3886 917 3920 ereaturam
930 3891 974 3919 '¹⁰¹¹
990 3891 1032 3920 ⁰⁸⁵⁶
1044 3880 1118 3918 'lum'
1128 3889 1168 3937 ²⁰7

87 3964 160 4022 siquo
179 3963 273 4012 vexilla
287 3963 424 4011 Dominicae
442 3962 562 4022 passionis
572 3962 617 4009 ad·
662 3935 998 3984 ³⁰⁰¹'²¹i⁸²¹⁸‘¹¹¹¹⁸¹¹¹¹⁸⁸'¹⁰⁰it·

89 4031 191 4094 tollens,
202 4043 301 4082 roccum
313 4032 339 4080 iu
354 4032 462 4080 fenestra
477 4031 577 4091 ligarit,
589 4032 616 4078 ut
673 4031 725 4078 155.
744 4031 781 4077 lln
799 4041 858 4078 reso
877 4029 904 4076 in
921 4030 985 4078 bane
1003 4027 1168 4078 bumilitatem
