2752 4814
290 434 474 480 exnosmo
489 435 524 478 IN
538 434 662 484 Lucani,
678 432 775 478 LIBER
790 433 966 479 SEPTIMUS.
1138 427 1169 476 lt?

92 512 134 564 tiae
165 516 311 577 displiceret.
338 516 460 575 cilicium,
488 516 532 564 sed
555 514 619 575 quod
643 515 834 563 liabetmortem
848 514 1048 576 prevaricatione
1063 515 1170 572 naturae,

91 585 269 646 persequendae
288 583 426 634 devotionis
445 583 550 657 inteptio
563 583 620 644 plus
643 596 699 643 queo
726 585 872 644 plerumque
901 584 980 631 etiem
1008 583 1170 630 desiderium.

92 655 211 713 placeret.
643 653 722 700 Habet
742 653 817 700 etiarn
842 653 895 713 ipsa
917 654 999 701 anima
1024 654 1170 712 plerumque

124 723 163 770 δῦ.
176 724 299 782 Quomodo
310 724 393 773 autem
407 721 499 770 mortui
513 721 619 787 sepelire
643 722 747 770 mortem
755 721 812 771 labe
820 723 934 781 peceati:
946 723 1034 770 Animo
1043 720 1108 769 enim
1120 733 1171 780 quon

93 793 202 840 mortuos
211 793 326 853 possunt,
341 793 389 841 nisi
400 805 456 841 cum
467 792 498 840 ab
512 790 620 838 infideli·
641 795 732 851 peccat,
746 793 797 853 ipso
814 793 936 839 moi-ictor.
956 793 1015 839 cum
1036 790 1118 838 antem
1129 788 1172 834 lic-

93 858 619 921 lmshumaturcadarer,cujusilacorani·
643 860 729 908 mitate
752 859 914 908 beatitudinis
936 859 1048 907 roborata
1069 857 1171 916 coeperit

93 929 618 990 mamperdidit‚utillorumauimaelleum:
643 929 750 976 obnoxia
770 942 821 977 non
842 941 895 976 esse
914 929 1031 989 peceato,
1051 927 1102 986 jam
1123 938 1172 972 non

92 995 145 1044 sive
163 999 222 1059 quia
238 999 333 1060 duplex
351 999 393 1047 liic
407 997 567 1059 intelligenda
583 996 620 1045 est
644 998 692 1046 erit
707 997 818 1047 mortalis
847 997 892 1046 sed
906 997 982 1052 vitam
998 996 1082 1056 carpet
1098 995 1172 1042 aeter-

92 1075 170 1125 mors,
185 1080 236 1114 uua
252 1069 361 1127 naturae,
372 1068 449 1116 altera
467 1063 560 1127 culpae?
578 1065 620 1111 Est
643 1079 709 1115 nam.

91 1132 167 1180 etiam
182 1145 247 1184 mors
261 1136 345 1195 tertia,
357 1135 383 1183 iu
395 1148 444 1196 qua
456 1136 556 1196 peccato
567 1145 620 1179 mo-
673 1134 712 1184 in.
731 1136 768 1184 nd
777 1137 843 1183 hanc
852 1135 944 1195 vitam,
955 1133 1058 1193 fratres,
1069 1132 1171 1181 lestine-

92 1198 183 1260 rimur,
194 1203 220 1250 et
232 1205 283 1250 Deo
294 1203 415 1263 vivimus,
430 1202 494 1249 sicut
512 1200 620 1248 Christus
643 1219 713 1266 mus,
724 1207 806 1254 moesti
818 1207 844 1253 in
855 1207 958 1264 saeculo,
969 1204 1027 1264 qnia
1037 1205 1172 1264 perserian-

91 1268 135 1326 qui
150 1271 252 1329 peccato
275 1272 386 1318 mortuus
405 1271 458 1316 est:
471 1271 537 1330 Quod
558 1270 620 1316 enim
643 1289 721 1323 moro
736 1278 850 1335 Domin03
866 1273 987 1335 quienim
1003 1272 1173 1332 nonperegri-
1263 1277 1266 1286 '
1296 1254 1299 1261 ’

92 1342 200 1387 nicrinus
213 1342 246 1388 eri
256 1343 349 1400 peccato
355 1374 365 1398 ‚
378 1340 619 1388 mortuascstsemet:
644 1345 854 1404 naturacorpore,
863 1341 1170 1405 peregrinaturallomino.

92 1409 153 1465 qnod
161 1411 238 1456 autmn
248 1411 316 1466 oioit,
328 1410 383 1456 cinit
393 1412 450 1457 Deo.
643 1412 716 1460 llulto
727 1414 810 1460 autem
818 1413 907 1461 melius
919 1412 1019 1459 dissolri
1030 1423 1044 1458 a
1055 1421 1171 1468 corpore,

121 1476 160 1523 56.
170 1477 222 1524 Una
234 1478 270 1525 est
291 1477 366 1536 igitur
375 1490 455 1537 mors,
472 1490 521 1538 qua
532 1477 619 1537 copula
643 1483 668 1528 et
679 1482 804 1530 adnaererc
813 1484 879 1541 Deo;
888 1482 916 1528 ut
924 1482 998 1529 etnos
1008 1491 1085 1527 unum
1096 1480 1172 1525 simus

91 1545 198 1603 eorporis
214 1546 239 1592 et
254 1547 342 1593 animae
360 1545 557 1605 separatur,non
569 1543 619 1591 for·
643 1551 708 1610 apud
724 1552 920 1612 omnipotentem
938 1551 1036 1609 Deum,
1048 1547 1171 1606 etunige-

91 1613 230 1675 midabilis,
239 1628 288 1662 non
299 1617 408 1664 timenda
418 1629 425 1676 3
434 1628 492 1662 cum
502 1615 618 1662 discessio
643 1621 721 1666 nilum
730 1620 776 1669 Dei
784 1621 874 1667 Filium
885 1619 1026 1676 videamus,
1036 1630 1083 1678 per
1088 1629 1172 1679 resur·

90 1682 201 1740 quaedam
230 1679 306 1732 nostri
327 1684 443 1732 videatur
474 1697 541 1744 esse,
570 1695 619 1730 non
642 1689 760 1737 rectionis
777 1689 879 1749 gloriam
890 1689 917 1735 in
932 1689 1024 1736 naturae
1033 1688 1171 1735 claritatem

90 1761 162 1809 poeua
174 1764 239 1799 :non
250 1753 382 1801 metuenda
393 1753 511 1813 fortibus,
521 1752 619 1801 deside·
643 1757 763 1818 adsumti,
776 1760 801 1806 et
812 1757 963 1804 inviolabilis
969 1755 1106 1804 concordiae
1116 1755 1172 1801 ani-

90 1820 166 1867 randa
175 1822 342 1883 sapientibus,
358 1822 455 1871 miseris
464 1821 618 1881 expetenda,
643 1838 738 1873 morum
760 1826 852 1873 ioedere
873 1826 1023 1886 sempiterno
1049 1823 1171 1871 unitatem

90 1885 121 1934 de
142 1903 190 1950 qua
209 1891 303 1939 dictum
319 1893 355 1939 est
367 1905 373 1938 τ
386 1894 495 1953 Querem
516 1892 619 1938 lemniaco
643 1894 764 1942 diutumae
780 1895 849 1955 pacis
867 1894 972 1953 imitati3
984 1894 1173 1951 utcompleatur

89 1961 187 2006 mortem
193 1992 202 2017 ‚
213 1962 236 2007 et
248 1973 297 2008 non
312 1963 425 2008 invenient
435 1973 496 2006 eom.
644 1963 669 2009 id
681 1964 744 2023 quod
754 1964 784 2010 de
794 1964 866 2010 nobis
873 1963 918 2011 nei
926 1961 1074 2009 PiliusPairi
1082 1959 1172 2007 orando

120 2027 206 2075 diffisi
213 2029 238 2078 et
245 2030 294 2075 alia
302 2042 355 2089 quae
364 2028 517 2075 secularium
525 2026 620 2074 adierat
643 2030 773 2090 promisit:
788 2034 816 2080 Ut
831 2035 853 2079 et
869 2033 911 2092 ipsi
928 2033 1067 2088 conmutat,
1082 2032 1140 2091 eiciet
1150 2031 1172 2076 ot

90 2095 219 2145 interitum
233 2095 387 2158 voluptatum
399 2111 406 2143 a
419 2098 445 2144 in
457 2110 504 2158 quo
515 2109 563 2144 nou
575 2108 619 2144 na·
643 2113 685 2147 nos
694 2113 769 2147 annm
778 2112 867 2148 sumar.

90 2165 163 2225 tura,
191 2166 235 2213 sed
263 2166 355 2215 delicta
381 2167 530 2214 moriuntur.
552 2166 618 2213 Hanc
672 2165 710 2214 il.
731 2170 783 2215 Non
798 2181 855 2229 ergo
869 2167 968 2229 paterni
980 2165 1075 2214 funeris
1089 2165 1172 2226 sepul·

91 2234 617 2294 mortemsubimusconsepultibaptismate,
642 2238 697 2285 tura
728 2237 891 2298 prohibetur,
922 2239 966 2286 sed
995 2234 1171 2284 necessitudini

90 2303 116 2349 et
136 2304 226 2353 mortui
242 2318 298 2353 eum
320 2304 415 2352 Christo
437 2304 467 2351 ab
486 2303 618 2351 elementis
641 2308 739 2366 generis
756 2308 848 2356 divinae
863 2307 992 2368 religionis
1004 2307 1084 2367 pietas
1100 2305 1170 2352 anie·

90 2371 328 2438 liujusmundi,cpm
340 2372 617 2433 actuspatimurprioris
643 2376 738 2424 fertur:
753 2377 815 2425 illud
835 2377 988 2425 consortibus
1009 2375 1170 2434 relinquitur,

89 2440 189 2488 oblivia.
202 2442 269 2489 ilaue
280 2444 383 2490 mortem
391 2441 484 2501 voluit,
496 2454 552 2488 cum
562 2455 618 2501 pro-
642 2445 687 2492 hoc
706 2446 835 2493 mandatur
847 2446 941 2492 electis.
957 2445 1006 2491 dut
1017 2443 1076 2503 quia
1088 2441 1170 2500 sepul-

90 2509 203 2567 phetaret
223 2512 334 2570 Balaam,
355 2512 384 2558 ut
404 2510 579 2569 Deoviveret3
592 2512 617 2556 et
642 2526 711 2559 crum
732 2514 820 2572 patens
844 2517 929 2572 guttur
945 2515 997 2571 est,
1019 2511 1169 2568 impiorum,

90 2577 145 2624 ideo
154 2578 217 2626 dixit
231 2593 237 2625 τ
250 2581 368 2627 Moriatur
376 2581 458 2624 areima
466 2591 518 2623 meo
527 2580 551 2623 in
564 2581 617 2623 oni·
641 2581 760 2626 memoria
770 2581 980 2626 eorumabolenda
992 2578 1170 2637 praescribitur,

90 2646 618 2705 iniejnslorom,ettiatsemenmenmoisemen
642 2659 745 2707 quorum
766 2646 839 2693 simul
861 2657 917 2692 cum
936 2656 1036 2703 corpore
1053 2643 1170 2690 meritum
1205 2688 1209 2693 s
1266 2676 1271 2683 ι

90 2729 181 2763 corum.
642 2715 731 2763 occidit
742 2728 748 2760 ε
760 2726 806 2761 uec
822 2714 952 2762 revocatur
962 2715 992 2760 ab
1006 2712 1086 2760 oflicio
1094 2713 1171 2772 patris

120 2785 158 2832 58.
172 2785 212 2832 Est
221 2784 246 2832 et
256 2783 330 2833 tertia
341 2795 421 2844 mors,
431 2783 528 2844 quaudo
538 2781 618 2830 Chris·
641 2786 720 2845 filius,
731 2785 774 2832 sed
785 2784 865 2832 tidelis
875 2783 985 2844 aperfidi
996 2783 1169 2830 communione

90 2858 140 2912 tus,
152 2854 193 2914 qui
206 2857 244 2901 est
252 2854 304 2901 vita
315 2855 409 2910 nostra,
418 2853 541 2899 nescitur:
553 2852 616 2900 scire
640 2855 786 2902 secernitur.
1171 2911 1178 2917 ,

90 2925 170 2973 nutem
188 2925 310 2972 Christum
331 2924 381 2972 vita
401 2924 438 2971 est
454 2922 615 2983 sempiterna,
669 2924 709 2972 1⁸2.
721 2926 761 2972 Est
776 2925 843 2973 enlm
853 2923 1072 2984 propriaquaedam
1087 2923 1170 2982 sepul-

88 3008 143 3054 quae
159 2993 306 3052 nunciustis
324 2993 411 3053 praesto
422 2992 460 3039 est
479 2992 505 3038 in
516 2992 615 3050 umbra,
641 2995 695 3042 tura
707 2993 842 3053 justorum,
861 2993 941 3053 qualis
961 2993 1003 3039 illa
1014 2992 1045 3038 de
1056 3004 1104 3051 qua
1117 2990 1170 3041 ‹iic-

91 3064 116 3111 iu
127 3063 235 3110 futurum
247 3064 330 3109 autem
342 3062 390 3109 erit
400 3060 463 3109 facie
472 3060 503 3107 ad
512 3060 598 3107 faeiem
608 3074 615 3121 3
639 3063 692 3109 tum
704 3063 740 3109 est
752 3075 758 3108 ε
772 3065 825 3109 lloec
836 3064 898 3109 enno
908 3064 1000 3109 natitent
1011 3061 1053 3108 troc
1064 3075 1169 3121 capnon-

88 3134 187 3193 Spiritns
198 3131 264 3178 enim
272 3135 327 3179 ante
335 3132 418 3191 (aciem
425 3133 531 3178 nostram
539 3131 617 3179 Cirris·
641 3134 688 3178 tom
697 3133 722 3178 in
731 3144 813 3192 corpus
823 3144 916 3188 mcum,
925 3133 955 3178 od
965 3131 1117 3190 sepeliendam
1132 3145 1170 3177 nic

90 3204 126 3248 tae
142 3201 257 3248 Dominm
263 3232 272 3257 ‚
284 3199 314 3246 dc
334 3212 382 3259 quo
392 3199 458 3245 dixit
469 3211 476 3244 ε
487 3201 516 3246 ln
531 3200 616 3246 uinbra
639 3202 706 3260 [ατη
718 3201 744 3247 et
753 3199 808 3246 ideo
820 3198 861 3259 qni
874 3199 937 3246 bona
950 3197 998 3245 fide
1009 3198 1034 3244 in
1043 3211 1070 3244 se
1080 3198 1170 3257 sepelit

88 3268 137 3328 ejus
148 3269 248 3316 vivemus
261 3270 286 3315 in
301 3268 413 3328 pentibus.
429 3267 456 3313 ln
468 3268 555 3314 umbra
565 3269 616 3314 ala·
639 3268 775 3326 Christum,
788 3267 816 3314 ut
832 3279 888 3314 cum
901 3279 929 3314 eo
940 3266 1063 3325 resurgat,
1076 3266 1169 3316 diaboli

88 3337 203 3394 rumeins
211 3337 319 3397 speravit
325 3335 402 3384 David
414 3348 421 3381 ι
433 3335 554 3382 inumbra
562 3337 616 3394 eius
640 3336 767 3396 perfidiam
777 3336 802 3383 in
813 3348 839 3384 se
851 3336 957 3395 sepelire
968 3348 1017 3382 nou
1029 3335 1112 3384 debet.
1167 3378 1173 3401 Ι

89 3405 242 3465 concupivit,
254 3407 279 3453 et
285 3405 350 3453 sedit
359 3403 477 3452 Ecclesia.
669 3404 708 3452 145.
731 3405 772 3452 Est
792 3406 817 3452 et
833 3404 877 3451 illa
888 3403 1046 3464 prophetica,
1057 3407 1169 3465 utsupra

118 3474 310 3535 resumtum,
323 3474 429 3521 Domine
440 3471 616 3533 Jesu,c0niert
640 3474 752 3533 sepulcra
771 3474 891 3532 majorum
905 3472 1019 3533 quadam
1034 3485 1168 3533 ponamus,

88 3544 174 3589 umbra
194 3545 251 3602 tua,
279 3544 399 3603 quantum
420 3544 505 3603 utique
525 3542 616 3590 veritas
640 3542 1168 3602 quaelectoragnoscis,inlidelisintelligero
1191 3592 1193 3596 v

89 3609 207 3658 adferet?
237 3611 447 3670 Quemadmodum
477 3610 615 3669 vivemus,
640 3624 689 3657 non
706 3611 857 3658 debetrnon
871 3610 936 3670 qnod
949 3611 1017 3656 cibus
1032 3609 1169 3666 imperetur

90 3677 186 3738 quondo
195 3677 247 3736 iam
260 3691 309 3725 non
321 3679 413 3725 erimus
424 3677 451 3724 in
462 3675 616 3733 nrnbra‚sed
640 3676 684 3722 aut
699 3679 785 3735 potus,
802 3676 845 3724 sed
862 3690 937 3723 sacrae
952 3675 1083 3723 oblationis
1096 3686 1170 3725 renc-

91 3745 176 3805 iuipsa
187 3744 254 3793 ntae
264 3748 332 3793 Nono
342 3746 461 3792 cuiinvito
472 3746 554 3789 nostro
565 3742 617 3788 obo-
641 3743 716 3789 rande
734 3745 872 3791 communio
889 3745 1024 3793 reveletur.
1041 3744 1092 3791 Non
1110 3758 1168 3805 orgo

88 3816 181 3864 cmdito
199 3817 232 3864 est
253 3813 412 3862 morcincto
434 3815 459 3859 in
474 3815 532 3859 Deo.
558 3812 616 3858 cnm
641 3810 800 3858 interdictum
808 3811 845 3858 est
855 3811 977 3871 muueris,
988 3811 1032 3859 sod
1040 3813 1167 3872 roligionis

89 3886 168 3931 autem
178 3884 284 3933 Christro
290 3915 299 3941 ,
312 3881 407 3942 iuquit,
419 3881 556 3942 apparuerit
566 3881 616 3928 vito
640 3880 799 3940 mysterium,
815 3879 1011 3927 communionem
1029 3881 1099 3929 nobis
1110 3894 1167 3935 curn

89 3954 183 4010 nostro,
198 3955 251 4000 tunc
267 3954 289 3999 et
304 3965 347 4000 noe
354 3964 407 3998 mm
414 3964 440 3998 eo
453 3949 617 4011 apparebimur
640 3949 1167 4009 gentibusmortnisuoniuiuram.Nemeum

91 4021 115 4065 io
126 4020 208 4079 plocio.
226 4018 310 4068 Dulcis
323 4018 368 4066 illa
378 4018 430 4067 vita
439 4018 488 4079 est,
501 4030 556 4079 qnae
566 4031 616 4066 non
640 4019 968 4068 sacramentorirorumsint
977 4053 984 4078 ,
993 4031 1041 4068 non
1049 4020 1168 4070 ridentur

91 4086 165 4136 hahet
175 4087 349 4136 mortemzluec
361 4087 616 4149 autemritaoorporis
641 4089 730 4136 mortui
740 4087 797 4148 ,qui
809 4088 900 4137 habent
912 4089 996 4137 vitain.
1066 4092 1069 4097 ’
1142 4106 1148 4113 -
1162 4092 1168 4113 ·
