2752 4814
317 410 326 426 ,
364 371 407 414 Dli
426 370 1020 425 onnlcilsnrlltlsnnonunr,uiuenti.
1136 405 1138 408 f
1188 371 1231 419 {85

149 449 212 496 utilis
226 451 268 498 erl.
285 447 349 508 Quid
367 451 451 499 autem
470 451 520 500 tam
537 452 679 512 honestum,
704 451 1232 514 quispericulumsuumprouniversaplsbc

147 530 221 576 quarn
235 516 377 577 integritas?
394 521 460 579 Quid
476 522 527 570 tarn
546 521 678 580 decorum,
704 521 802 578 elimata
820 535 868 570 non
887 524 924 570 est
934 522 1037 570 dubium
1053 522 1119 582 quod
1135 522 1231 570 tautum

147 599 221 644 (quarn
241 587 424 637 immaculatum
435 601 533 638 servaro
544 603 644 650 corpus,
653 592 679 638 et
704 590 814 638 caritatis
825 604 839 638 a
849 592 921 651 plebe
932 593 957 638 in
969 603 1026 638 enm
1035 589 1193 649 retundatur,
1204 592 1232 637 ut

148 653 293 703 inviolatum
309 659 381 716 atque
404 658 577 706 intaminatum
598 659 678 718 pudo·
703 659 809 718 populns
829 660 934 708 salutem
954 660 1008 719 eius
1023 659 1166 719 etgratiam
1182 659 1231 707 sibi

148 721 217 768 rein?
227 724 291 781 Quid
303 726 377 773 etiarn
390 725 440 772 tam
460 726 591 789 decorum,
602 740 677 787 quarn
703 726 823 786 preferat.

149 790 176 836 nt
187 792 261 840 vidua
271 806 334 840 uxor
352 794 468 842 defuneto
489 795 588 856 coniugi
604 796 676 845 tidem
732 797 771 842 51.
789 797 896 855 Quantas
910 797 1007 857 Moyses
1019 811 1034 846 a
1048 797 1138 859 populo
1149 797 1231 846 illatus

108 925 110 929 ‚
148 861 245 909 servet?
264 863 328 921 Quid
344 865 421 910 etiam
449 866 496 912 hoc
515 866 615 924 utilius,
629 878 677 926 quo
701 865 845 912 absorbebat
856 866 1136 915 contumeliassetcum
1146 865 1231 913 Domi-

148 939 250 986 rcqnnm
266 931 369 978 coeleste
380 931 678 992 adquiritnrtsuntcnim
701 945 746 980 nus
757 934 784 980 in
801 933 935 981 insolentes
952 935 1075 982 vindicare
1093 935 1185 994 vellet,
1203 945 1231 983 so

149 999 190 1055 qui
203 1012 227 1045 sc
246 1002 406 1050 castraverunt
415 1004 511 1062 propter
519 1017 617 1064 reqcom
630 1017 676 1053 eoe-
700 1003 782 1048 tamen
792 1015 836 1062 pro
843 1003 935 1062 populo
946 1002 1063 1050 offerebat
1074 1003 1229 1063 trequenter,

150 1064 235 1114 lor-um.
701 1074 728 1117 ut
746 1071 909 1130 indignationi
924 1071 1015 1118 dirinae
1025 1072 1125 1131 plebem
1139 1072 1231 1119 subdu·

392 1134 442 1147 “

700 1139 784 1186 ceroti
793 1141 871 1197 Quam
882 1139 937 1187 miti
945 1151 1062 1187 >sermone
1069 1142 1124 1200 post
1129 1140 1231 1198 iniurias

306 1198 431 1253 CAPUT
455 1199 522 1252 vn.
700 1208 839 1266 appellabat
858 1209 992 1268 populum,
1014 1209 1183 1256 consolabatur
1203 1208 1250 1279 in(

146 1292 268 1334 mmmm,
285 1297 345 1334 ,dm
363 1308 403 1336 esse
419 1307 443 1336 ae
459 1297 604 1344 honerarem
621 1297 677 1336 ,phu
700 1276 839 1336 laboribus,
858 1277 979 1326 delinibat
994 1278 1113 1338 oraculis,
1131 1276 1231 1324 terebat

168 1354 241 1386 aurem
252 1351 329 1388 utlaius
345 1351 469 1397 ulatione,
483 1362 534 1399 quas
549 1357 675 1390 mansueru-
700 1345 862 1403 operibusret
870 1359 926 1392 cum
937 1345 988 1393 Deo
997 1347 1136 1394 constanter
1146 1348 1230 1405 loque·

171 1401 228 1448 dine,
234 1403 368 1465 estabilitate,
377 1405 523 1452 beneficentia,
529 1405 611 1451 justilia
620 1405 675 1442 aliis-
699 1414 782 1473 setun
798 1414 910 1462 hommes
924 1415 1008 1464 tamen
1019 1415 1108 1463 [mmm
1126 1416 1151 1463 et
1162 1415 1230 1474 grata

169 1457 675 1505 querrrlutrbuscornparatnr;quemadmodum

73 1533 77 1541 ‚
169 1506 448 1556 exnioynsarquenavrurs
458 1509 546 1547 mpod,
560 1509 625 1547 datur
637 1511 673 1546 ῃ,
698 1484 1230 1543 appellationeaitarisolebatttleritoesti·

169 1561 246 1608 rernm:
255 1565 360 1610 postremo
368 1566 389 1600 er
397 1573 408 1600 e
417 1562 530 1601 directions
537 1562 601 1600 finem
611 1564 674 1610 nael,
698 1553 778 1599 matus
789 1551 827 1600 cst
836 1564 909 1613 supra
920 1552 1047 1611 homiues,
1057 1553 1087 1600 ut
1097 1553 1123 1600 et
1134 1553 1229 1602 vultum

167 1618 188 1651 st
198 1624 273 1654 rursus
283 1625 295 1653 θ
305 1615 348 1654 noe
356 1616 491 1655 dilectionem
698 1618 752 1675 eius
760 1632 808 1667 non
816 1620 915 1680 possent
922 1620 1069 1679 intendere,
1080 1622 1106 1668 et
1116 1621 1229 1678 sepultu-

174 1683 213 1732 28.
234 1687 283 1734 Esr
302 1686 377 1747 igitur
395 1699 445 1735 non
462 1687 541 1734 solum
552 1686 674 1734 familiare
698 1700 749 1733 ram
759 1687 813 1745 eius
824 1691 1005 1748 nonrepertam
1017 1689 1229 1748 crederent3quia

144 1754 333 1802 contubernium
352 1755 486 1803 honestatis
502 1756 527 1802 et
544 1755 673 1814 utilitatis,
698 1754 733 1801 sic
742 1755 789 1802 sibi
796 1755 1059 1814 totiusplebisrqentes
1067 1754 1228 1813 devinxerat,

144 1822 187 1868 sed
199 1823 286 1870 eadem
296 1837 392 1883 quoque
403 1825 510 1883 utilitas,
521 1837 575 1884 quas
587 1826 674 1872 bones·
699 1822 725 1868 ut
739 1823 794 1882 plus
805 1836 863 1871 eum
880 1836 924 1883 pro
934 1824 1124 1870 mansuetudine
1139 1824 1228 1882 ditige-

144 1890 190 1936 tas.
202 1891 261 1937 ldeo
271 1890 297 1937 et
316 1891 359 1939 ille
378 1892 421 1951 qui
435 1904 539 1952 regnum
557 1893 674 1939 coelorum
699 1894 766 1950 rent,
781 1905 853 1951 quam
861 1905 906 1951 pro
913 1892 985 1940 iactis
992 1891 1181 1938 admirarentur.

144 1957 243 2004 volebat
250 1959 364 2005 omnibus
374 1960 483 2018 aperire,
493 1972 541 2006 non
551 1960 616 2019 qnod
626 1961 674 2007 sibi
729 1957 767 2004 52.
779 1959 845 2015 Quid
856 1959 910 2017 ejus
920 1958 1028 2005 imitator
1042 1958 1140 2005 sanctus
1149 1957 1229 2004 David

145 2023 598 2085 utilequaerebat,sedquodomnibus.
604 2027 675 2074 Unde
699 2027 793 2075 electus
804 2040 837 2074 ex
855 2027 968 2078 omnibus
983 2027 1014 2075 ad
1028 2027 1128 2087 plebem
1140 2038 1229 2085 repen-

145 2090 204 2137 ordo
222 2093 322 2151 quidam
332 2094 403 2141 nobis
413 2094 439 2141 et
449 2095 538 2154 gradus
548 2094 675 2143 faciendus
699 2097 770 2155 darn,
779 2109 851 2156 qnam
870 2096 938 2144 mitis
953 2097 979 2144 et
996 2095 1115 2154 blandus,
1126 2095 1228 2143 humilis

145 2159 314 2220 cst,etiamab
321 2164 360 2210 his
368 2164 463 2212 usitatis
471 2165 497 2211 et
504 2166 674 2212 communibus
698 2166 802 2230 spiritu,
813 2164 912 2212 sedulus
928 2163 1015 2224 eorde,
1027 2163 1107 2211 iacilis
1124 2163 1228 2211 ellectu?

144 2231 175 2277 ad
185 2243 214 2277 ea
225 2244 279 2291 qnae
288 2233 345 2280 sunt
353 2233 532 2292 praecellentia3
543 2238 569 2281 nl
578 2246 609 2280 ex
619 2236 674 2294 plu·
699 2235 759 2282 Anto
770 2246 872 2294 regnum
882 2247 908 2281 se
917 2246 960 2294 pro
970 2234 1083 2282 omnibus
1090 2233 1207 2283 offerebat
1218 2246 1226 2278 ε

143 2299 211 2345 ribus
222 2300 336 2348 utilitatis
347 2302 642 2362 colligamusprotectnnr.
697 2315 808 2352 sexeum
826 2303 938 2352 omnibus
956 2304 1068 2362 aequabat
1081 2316 1149 2350 suam
1160 2303 1227 2348 rnili-

172 2368 212 2416 29.
221 2370 253 2417 de
268 2370 375 2430 primum
387 2372 529 2420 noverimus
544 2372 608 2420 nibil
622 2373 673 2421 tam
698 2373 770 2432 tiarn,
783 2374 809 2422 et
817 2372 971 2433 partiebatur
981 2373 1091 2420 laborem
1102 2385 1109 2418 s
1122 2371 1190 2418 tortis
1200 2372 1228 2417 in

142 2437 218 2497 utile,
238 2451 312 2498 quam
329 2439 417 2499 diligi:
429 2440 493 2486 nibil
508 2442 558 2486 tam
569 2441 672 2500 inutile,
698 2442 795 2500 praelio,
803 2441 945 2488 mansuetus
955 2441 981 2487 in
992 2441 1111 2500 irnperio,
1130 2439 1228 2499 patiens

142 2519 215 2564 quarn
225 2520 274 2554 non
285 2509 376 2567 amari3
388 2521 445 2555 nam
456 2508 512 2554 odio
522 2508 607 2555 haberi
617 2510 673 2556 exi·
698 2509 722 2553 in
733 2509 860 2566 convicio,
869 2510 934 2555 terre
946 2509 1023 2566 magis
1033 2508 1142 2567 prorutus
1152 2519 1228 2566 quarn

142 2573 202 2621 tiate
213 2586 241 2621 ac
252 2575 325 2621 nimis
343 2576 447 2634 capitale
459 2575 575 2623 arbitror.
587 2576 672 2634 ltaque
697 2575 791 2623 reterre
812 2577 924 2633 iujurias.
945 2576 1001 2623 ldeo
1017 2577 1067 2622 tam
1088 2587 1158 2622 carus
1174 2576 1227 2622 erat

142 2641 169 2687 id
177 2645 325 2700 agamus,ut
332 2644 398 2689 omni
406 2643 538 2690 sedulitate
547 2656 673 2690 commen·
697 2645 825 2703 omnibus,
839 2645 867 2690 ut
880 2644 980 2702 iuvenis
995 2643 1026 2689 ad
1037 2655 1139 2701 reqnurn
1152 2642 1228 2690 etiarn

143 2708 229 2756 demus
247 2710 456 2757 existimationem
482 2709 673 2770 opinionemque
697 2711 789 2759 invitus
800 2713 939 2772 peteretur,
952 2709 1228 2769 resisteuscoqeretnr,

142 2777 264 2835 nostram,
275 2790 304 2824 ac
315 2777 421 2836 primum
432 2777 572 2836 placiditate
584 2779 672 2826 mentis
697 2791 775 2826 senen
783 2791 814 2825 ne
823 2778 1064 2838 praeliointeresseta
1073 2776 1122 2824 suis
1131 2787 1228 2834 rogaro·

143 2847 168 2892 ct
179 2845 255 2892 animi
266 2845 416 2906 benignitate
427 2845 557 2893 influamus
565 2846 592 2893 in
601 2848 673 2895 allec-
696 2849 750 2905 tur3
762 2848 827 2908 quod
837 2847 939 2894 mallent
950 2858 1034 2894 omnes
1042 2845 1146 2906 proipso
1158 2844 1226 2904 peri-

142 2916 194 2960 tum
206 2915 343 2962 hominum.
354 2915 481 2974 Popularis
492 2916 593 2964 enimet
604 2918 671 2975 grata
696 2917 790 2975 obteri,
799 2929 872 2976 qnam
883 2916 953 2963 illum
967 2928 1011 2974 pro
1027 2914 1148 2962 omnibns.

142 2985 178 3030 est
188 2983 302 3031 omnibus
312 2983 610 3044 bonitas,nibilquequod
621 2986 670 3032 tarn
725 2985 765 3031 55.
776 2986 812 3032 lta
823 2985 870 3032 sibi
879 2984 954 3044 gratis
963 2982 1049 3030 ostiolis
1058 2982 1155 3044 plebem
1164 2981 1226 3028 obli·

141 3051 213 3098 iaeile
225 3052 339 3099 illabatur
350 3052 464 3101 humanis
475 3052 597 3104 sensibus.
608 3055 641 3101 Ea
649 3055 669 3102 si
694 3052 964 3113 gaverat‚primum,ut
973 3053 999 3099 in
1007 3051 1225 3110 discordiispopuli

142 3120 327 3167 mansuetudine
339 3119 669 3179 morumaciaeilitatc,tum
696 3123 807 3168 exsulare
826 3122 853 3167 in
872 3123 971 3168 Hebron
989 3121 1087 3180 mallet,
1107 3132 1180 3182 quarn
1198 3122 1225 3168 iu

142 3187 306 3234 moderatione
328 3188 459 3249 precepti,
480 3190 505 3236 et
527 3189 669 3237 affabilitate
695 3188 848 3236 Hierusalem
859 3200 961 3248 regnare
974 3203 981 3235 t
993 3188 1098 3247 deinde,
1109 3190 1137 3236 ut
1150 3188 1225 3242 etiarn

141 3258 274 3316 sermonis,
291 3259 423 3305 verborum
440 3260 547 3317 bonore,
564 3254 671 3318 patienti
695 3258 721 3303 iu
741 3258 811 3305 hoste
829 3258 933 3316 positam
953 3258 1069 3304 virtutem
1093 3257 1224 3316 diligeret:

140 3337 237 3385 qnoque
257 3339 395 3373 sermonum
406 3328 479 3385 vice,
497 3327 669 3387 modestiaeque
693 3323 813 3380 justitiam
825 3324 901 3370 etiam
915 3323 954 3370 his
964 3325 1008 3383 qni
1025 3334 1093 3369 arma
1104 3326 1187 3369 contra
1198 3336 1224 3370 se

140 3393 272 3451 adjuretur
283 3395 375 3454 qratia,
391 3394 537 3441 incredibile
552 3397 670 3454 quantum
697 3392 804 3440 tulerant
816 3404 885 3450 aeqne
898 3404 926 3439 as
942 3392 992 3438 suis
1008 3391 1169 3450 praestandam
1179 3404 1224 3450 pu·

140 3461 291 3519 proceditad
307 3462 434 3509 cumulum
446 3461 592 3508 dilectionis.
695 3459 759 3506 taret
776 3473 784 3504 s
803 3460 911 3519 denique
937 3458 1096 3507 fortissimum
1117 3459 1223 3506 adversa

171 3527 210 3574 ab.
228 3529 341 3587 Legimus
352 3530 418 3576 enirn
429 3542 478 3576 non
489 3531 568 3577 solum
578 3529 606 3575 in
619 3529 670 3588 pri·
695 3525 772 3586 partis
782 3526 988 3587 propugnatorem
996 3526 1078 3572 Abner
1089 3525 1192 3583 ducem,
1201 3525 1223 3572 et

140 3594 218 3652 ratis,
229 3595 272 3641 sed
283 3596 356 3642 etiarn
365 3597 391 3643 in
403 3597 462 3656 ipsis
471 3597 583 3657 regibus,
593 3609 672 3657 quan·
695 3594 843 3641 inferentem
854 3594 937 3653 praelia
947 3594 1051 3641 miratus
1060 3592 1110 3650 est,
1119 3592 1144 3639 et
1153 3603 1223 3639 orau-

141 3664 194 3709 tum
213 3662 317 3709 facilitas
332 3664 429 3711 blandae
446 3658 596 3710 affabilitatis
614 3676 672 3723 pro-
696 3665 747 3709 tem
764 3663 832 3721 pacis
857 3663 961 3721 qratiam
978 3675 1027 3709 non
1050 3661 1225 3721 adspernatus,

142 3731 244 3789 lecerit,
256 3732 297 3777 ant
312 3732 426 3790 superbia
437 3732 617 3791 verborumque
628 3733 671 3778 ob-
696 3731 945 3777 bonoravitconririo
954 3744 961 3776 r
969 3730 1125 3777 interemtum
1132 3729 1227 3778 insidiis

140 3799 215 3847 inerit
226 3798 671 3858 tumor;utreqnaipsalabeiactarot,
696 3797 774 3846 doluit
783 3799 809 3844 et
825 3796 908 3856 ssevit,
919 3797 1082 3858 prosequutus
1097 3792 1226 3860 exsequias

141 3869 166 3916 et
187 3869 333 3927 potestatem
359 3868 475 3915 solveret.
494 3867 548 3914 Jam
572 3867 593 3913 si
616 3870 672 3928 quis
696 3866 848 3927 honestavit,
860 3867 964 3913 mortem
980 3866 1060 3926 ultus,
1072 3867 1225 3915 conscientiae

141 3939 254 3996 consilio,
267 3950 327 3995 usn,
338 3937 489 3995 ministerio,
501 3936 671 3998 diliciispopu-
695 3937 768 3984 idem
779 3935 908 3996 prestitit,
919 3949 992 3995 quam
1002 3935 1052 3984 lilio
1070 3936 1134 3984 inter
1146 3936 1230 3984 aare«

142 4007 217 4053 larcin
235 4004 426 4064 comprehendat
444 4005 547 4063 qratiam
564 4018 571 4063 ς
590 4006 633 4053 aut
650 4005 670 4054 si
696 4004 1036 4068 ditariaiuratransssripsit,
1049 4005 1126 4067 magis
1137 4003 1226 4053 sollici·
