2752 4814
379 370 564 415 EXPOSl'l'lO
579 372 614 415 ΙΝ
628 371 759 422 tbcsn,
774 372 869 414 Llllllll
889 373 1008 416 NONUS.
1030 427 1033 430 Α
1195 371 1240 420 103

140 452 280 500 ιΙιοειιίιιιιιιι
299 453 391 502 vexilla
408 453 525 513 lustitia,
537 455 563 502 et
577 454 681 514 insignia
708 453 1239 514 bccecontractus:specialiterautemnum-

152 523 341 582 triumphorum.
353 523 416 579 Quid
425 523 529 570 miratur
539 523 610 571 turba
618 522 683 581 quod
707 522 823 568 molarios
831 522 937 582 pepulit.
944 522 992 580 Qui
1002 523 1058 569 sunt
1068 524 1237 582 nummularii,

149 593 268 648 operatur
287 591 446 651 mysterium?
456 592 507 638 Etsi
519 592 613 638 nesciat
624 593 681 651 quid
707 588 754 634 nisi
767 590 809 648 qui
817 590 848 637 de
856 591 1064 651 pecuniaDomini
1073 592 1166 638 lucrum
1174 604 1241 650 quas·

151 658 681 718 uniretur,miraturtamenquiainillopuilo
708 659 778 715 runt,
793 671 840 705 nec
861 659 924 705 bona
944 661 1056 719 malaque
1082 658 1239 707 discernunt!

150 729 273 784 sapientia
281 729 364 786 sedet,
377 728 456 774 virtus
465 728 563 784 manet,
577 727 682 775 inhaeret
707 726 812 774 Pecunia
824 729 890 774 cnim
906 729 1004 775 Domini
1016 729 1136 787 scriptura
1152 728 1238 775 divina

151 795 257 852 justitia.
707 795 758 852 est;
771 807 826 840 nam
846 796 872 842 et
887 796 999 843 denarios
1017 796 1093 843 servis
1112 796 1239 843 distribuit

184 861 221 909 lb.
230 865 264 911 Ne
272 862 392 924 despicias
401 874 498 922 quoque
507 862 599 909 asinam
611 863 681 910 istam
707 863 877 922 proiecturus,
894 866 919 910 et
936 864 1027 911 talenta
1042 865 1140 924 divisit,
1152 866 1177 911 et
1193 876 1238 922 pro
1261 910 1262 915 ,

149 946 206 990 onae
214 933 332 991 quondam
341 933 460 990 Angelum
469 932 515 978 Dei
523 932 598 990 vidit,
608 944 681 991 quem
707 932 809 977 sanitate
820 932 926 978 bominis
937 933 1062 979 vulnerati
1073 932 1121 979 duo
1129 945 1176 979 aera
1187 932 1238 978 sta-
1259 958 1261 972 ι

152 1000 224 1046 bomo
235 1001 319 1047 videre
327 1013 376 1046 non
384 1000 473 1060 potuit.
482 1001 511 1047 Et
519 1000 596 1058 vidit,
606 1000 631 1046 et
639 1000 682 1046 de·
706 1001 800 1047 bnlario
812 1001 945 1060 dereliquit
955 1013 962 1056 3
975 1001 1068 1048 duobus
1077 1001 1144 1047 enim
1154 1000 1237 1047 Testa-

151 1069 217 1127 tulit‚
229 1071 255 1117 et
265 1069 345 1116 locuta
353 1069 404 1127 est3
416 1069 443 1116 ut
450 1079 592 1126 agnosceres
599 1070 682 1126 poste·
707 1069 797 1116 mentis
807 1069 910 1116 vulnera
921 1070 1003 1116 nostra
1014 1071 1137 1114 curantur.
1149 1068 1198 1116 Sed
1208 1071 1238 1116 tu

150 1138 256 1184 rioribus
264 1137 467 1195 temporibussub
481 1136 589 1183 adventu
600 1137 681 1194 magni
706 1137 776 1195 quasi
794 1137 874 1184 bornus
889 1137 1069 1185 nummularius
1080 1137 1176 1194 eloquia
1187 1138 1240 1184 Do-

151 1207 236 1265 Augoli
251 1206 297 1253 Dei
307 1205 413 1265 gentiles
431 1204 500 1262 illos,
517 1205 574 1251 aute
586 1203 680 1263 asinos,
706 1204 783 1261 suini,
804 1206 902 1263 eloquia
927 1205 1007 1264 casta,
1030 1209 1157 1262 argentum
1178 1205 1236 1264 igne

151 1275 284 1321 locuturos.
706 1273 873 1319 examinatum
882 1273 1236 1332 reconde,purgatumSpiritu

182 1344 220 1389 lb.
240 1342 327 1389 Pulcre
342 1341 424 1388 autem
440 1339 573 1388 secundum
591 1339 681 1386 Lucam
707 1340 842 1398 septiformi
857 1353 864 1386 ε
881 1353 928 1387 nec
950 1341 1086 1387 adulteram
1104 1340 1237 1399 imaginem

150 1412 235 1458 turbas
254 1409 383 1456 laudantes
393 1411 473 1455 Deum
488 1408 519 1455 ad
536 1408 681 1454 descensum
707 1406 782 1464 Regis
793 1404 803 1466 (
814 1407 872 1465 quia
890 1407 916 1453 et
933 1407 1029 1453 satanas
1044 1405 1236 1462 transfigurasse

150 1479 241 1526 montis
258 1477 392 1524 occurrisse
412 1476 517 1535 legimus
529 1474 563 1536 (v.
575 1476 605 1522 5⁷
616 1474 641 1535 );
654 1476 681 1521 ut
707 1474 733 1520 in
756 1474 874 1533 Angelum
895 1474 959 1521 lucis
980 1474 988 1534 )
1006 1474 1082 1532 impia
1100 1476 1236 1520 commuta·

149 1537 303 1605 operatorem
311 1544 422 1605 mysterii
433 1545 549 1604 spiritalis
559 1544 680 1604 signitica-
706 1543 773 1589 tione
783 1544 901 1602 suscipias
911 1557 918 1589 s
929 1556 975 1590 nec
994 1543 1152 1589 imminutum
1166 1543 1237 1588 Prin·

150 1617 206 1662 rent
215 1615 263 1661 sibi
275 1615 372 1662 venisse
384 1614 414 1661 de
427 1615 498 1660 coelo.
509 1614 590 1659 Turba
605 1613 681 1672 igitur
705 1611 768 1670 cipis
778 1612 816 1658 tui
835 1613 935 1671 liguram
946 1612 1048 1659 arrianae
1065 1611 1151 1658 iraude
1163 1611 1237 1669 perti·

149 1682 259 1742 agnoscit
273 1684 367 1739 Deum,
385 1693 468 1740 regem
486 1683 607 1741 appellat,
623 1694 677 1740 pro·
705 1679 1236 1738 diae,thesaurotuomisceassnecpecunias

140 1753 259 1811 'phetiam
278 1752 370 1810 repetit
381 1765 388 1797 s
400 1754 514 1799 Hosanso
531 1753 579 1810 {itte
589 1754 679 1809 David,
705 1760 763 1795 sono
774 1760 846 1796 aures
863 1750 945 1796 tentes
958 1749 1084 1807 fidelium,
1095 1750 1122 1794 ut
1134 1749 1237 1808 religio-

150 1821 196 1868 hoe
208 1822 259 1879 est,
271 1820 434 1867 redemtorem
443 1820 527 1866 domus
537 1819 625 1879 David,
637 1833 680 1867 ex·
705 1829 786 1863 sarum
804 1817 955 1864 audientiam
966 1817 1147 1874 seripturarum
1157 1816 1237 1863 tium-

150 1889 288 1948 spoctatum
308 1900 405 1948 quoque
427 1888 561 1934 secundum
582 1900 679 1935 carnem
705 1887 743 1931 tus
754 1885 810 1932 aeris
818 1886 947 1941 excludat,
958 1887 1000 1931 vel
1011 1884 1132 1942 religiosis
1142 1885 1237 1931 adecti-

149 1957 230 2004 David
251 1957 330 2002 tilium
349 1956 447 2003 venisse
462 1956 586 2002 declarat:
597 1957 622 2003 et
634 1958 680 2004 boc
706 1953 752 1999 bus
768 1953 875 1999 habendi
895 1952 1016 2010 cupiditas
1034 1952 1165 1998 inseratur.
1183 1953 1236 1998 Nou

150 2025 272 2072 turbailla
282 2024 335 2083 post
344 2025 462 2082 exiguum
470 2023 619 2070 crucifixura
627 2037 681 2070 mo-
706 2033 762 2078 ergo
782 2033 866 2067 omnes
885 2021 1046 2068 excluduntur
1061 2021 1235 2080 nummularii3

152 2094 272 2139 mentum.
281 2094 344 2138 Vere
353 2090 511 2137 memorabile
522 2091 612 2139 divinae
623 2105 681 2152 ope-
705 2092 761 2136 sunt
773 2090 840 2136 enim
853 2088 879 2136 et
890 2089 957 2136 boni.
969 2090 1097 2150 Denique,
1108 2092 1236 2137 Pecuniam

150 2159 680 2219 rationisinsigne,utadversumsetestimo·
704 2171 793 2215 meant,
807 2158 902 2217 inquit,
919 2160 1015 2206 dedisse
1025 2159 1235 2216 nummulariis,rl

149 2231 220 2278 nium
235 2229 410 2288 extorqueatur
423 2227 522 2287 invitis,
538 2241 594 2275 cum
600 2231 679 2276 Deum
704 2239 744 2284 epo
761 2229 855 2274 veniens
865 2239 918 2274 cant
935 2229 1014 2274 usuris
1027 2229 1160 2286 recepissem
1172 2241 1234 2276 carn.

148 2299 240 2358 negant
259 2297 398 2356 affectibus,
413 2309 486 2356 quem
504 2299 606 2346 vocibus
621 2312 679 2347 con-
703 2296 804 2352 Quodsi
821 2309 938 2343 nummus
954 2298 991 2343 est
1006 2296 1235 2356 scripturarum,et

149 2367 258 2415 litentur.
265 2367 333 2414 Unde
342 2367 368 2413 et
378 2366 533 2415 Dominicum
545 2367 623 2414 illud:
704 2377 776 2411 usura
792 2367 830 2412 est
848 2365 1035 2424 scripturarum.

735 2434 772 2481 re.
784 2433 915 2480 Catbedras
929 2434 1014 2480 autem
1023 2433 1185 2480 vendentium
1195 2447 1236 2481 co·
1315 2451 1324 2470 ·

169 2475 236 2525 ΗΟ·
247 2474 513 2522 ⁵¹¹¹³¹³⁰¹¹⁰¹⁵m³¹⁸¹¹³d⁰⁵
523 2475 666 2551 mmmm?
703 2500 797 2546 tumbas
813 2513 857 2546 cur
875 2501 1008 2556 everterit,
1023 2501 1157 2548 secundum
1167 2502 1236 2550 litte-

192 2565 229 2611 rc.
249 2565 333 2622 Neque
355 2562 423 2609 enim
444 2561 536 2608 mirum
553 2561 574 2608 si
592 2563 678 2608 laudes
703 2579 755 2611 ram
766 2567 952 2624 uonintelligo;
964 2578 1046 2624 neque
1063 2567 1131 2612 enim
1146 2569 1235 2615 nundi-

149 2632 250 2677 Domini
261 2633 344 2677 contra
354 2631 542 2675 naturamsuam
558 2641 616 2674 saxa
629 2642 679 2675 res·
704 2634 800 2678 naiores
819 2633 901 2678 avium
918 2632 1046 2679 vindicare
1058 2634 1105 2680 sibi
1122 2636 1236 2691 poterant

149 2700 289 2759 pondeant,
298 2709 371 2758 quem
382 2696 488 2755 scopulis
499 2695 609 2742 duriores
617 2709 680 2754 pra·
704 2700 816 2747 honorati
835 2699 939 2757 alicujus
949 2701 977 2746 in
986 2700 1103 2747 nundinis
1114 2702 1169 2748 solii
1181 2703 1235 2761 dig-

149 2768 233 2814 dicant
253 2766 412 2826 peremtores.
429 2764 475 2810 Aut
497 2763 598 2810 tortasse
620 2765 679 2822 quia
704 2768 815 2817 uitatem.
832 2770 891 2816 llam
908 2781 962 2828 quae
981 2769 1141 2828 praerogativa
1154 2771 1235 2829 digni-

150 2833 376 2884 obmutescentibus
396 2832 487 2879 Judaeis
505 2831 561 2891 post
580 2832 678 2879 Domini
704 2837 761 2887 tatis
773 2839 810 2884 est
828 2838 854 2884 in
865 2835 999 2884 columbis?
1018 2838 1138 2886 Admonet
1152 2840 1233 2887 tamen

149 2905 301 2966 passionem,
314 2902 365 2950 vivi
387 2903 457 2948 erant
477 2901 612 2948 secundum
632 2904 679 2949 Pa·
703 2905 826 2953 Dominici
845 2905 923 2953 torma
948 2907 1115 2965 baptismatis,
1136 2908 1235 2966 quando

114 3008 115 3011 η
149 2977 229 3030 trum,
240 2972 334 3032 lapides
345 2970 482 3018 clamaturi.
493 2971 555 3029 Ergo
563 2982 679 3030 compug-
704 2973 830 3020 descendit
840 2974 946 3033 Spiritus
956 2975 1055 3021 sauctus
1065 2974 1093 3020 in
1108 2976 1234 3034 columba,

149 3041 334 3088 nantibuslicet
344 3039 472 3086 attactibus
482 3039 546 3096 suis,
556 3038 627 3084 turba
642 3040 679 3085 ta·
705 3043 763 3102 typo
782 3044 916 3101 ejectorum
936 3045 967 3091 de
985 3044 1077 3102 templo
1093 3044 1235 3102 huiusmodi
1270 3047 1277 3056 ”

149 3123 205 3157 men
215 3112 294 3158 Deum
301 3109 458 3169 adtemplum
465 3120 537 3156 suum
544 3108 678 3157 cumlaude
703 3109 875 3172 mercatorum,
884 3113 911 3159 in
918 3112 1077 3159 Ecclesiabei
1085 3113 1234 3163 consortium

150 3180 258 3227 deducit.
704 3193 745 3228 eos
755 3183 846 3230 babere
858 3194 907 3229 non
915 3195 1000 3243 posse,
1008 3183 1050 3241 qui
1062 3183 1140 3230 sancti
1156 3184 1235 3243 Spiri-

180 3248 219 3295 17.
228 3248 346 3296 SedDeus
352 3247 472 3306 templum
480 3259 552 3294 sunm
559 3259 679 3295 nonmer·
704 3251 745 3297 tus
755 3251 859 3310 gratiam
870 3251 1047 3297 nundinentur.
1062 3252 1143 3299 &etis
1153 3255 1218 3299 enim
1224 3284 1234 3309 ,

149 3315 238 3364 catoris
248 3317 303 3364 vult
320 3329 373 3364 csse
393 3316 568 3375 diversorium,
581 3317 625 3363 sed
635 3317 680 3364 do-
703 3317 798 3377 inquit,
816 3320 947 3378 accepistis,
965 3320 1110 3378 protisdete.
1121 3320 1235 3380 Denique

149 3385 270 3433 micilium
285 3384 439 3436 sanctitatis:
451 3396 498 3431 nec
508 3383 629 3431 vendibili
640 3397 680 3432 re-
703 3386 810 3446 Simoni,
821 3389 862 3446 qni
873 3386 1041 3434 sanctificandi
1052 3398 1143 3434 munus
1153 3388 1234 3446 pretio

149 3453 247 3513 ligionis
267 3454 358 3513 allicio,
379 3453 422 3500 sed
440 3453 556 3512 obsequio
574 3454 679 3512 gratuito
704 3456 762 3504 inse
773 3456 871 3516 putavit
882 3468 952 3515 pesse
969 3455 1093 3516 conferri,
1105 3457 1235 3516 respondit

148 3533 222 3568 usum
232 3522 364 3570 ministerii
381 3522 538 3569 sacerdotalis
553 3521 677 3570 informat.
703 3525 789 3572 Petrus
800 3538 807 3571 a
820 3528 940 3582 Pecunia,
950 3524 1049 3584 inquit,
1066 3528 1108 3571 tao
1120 3528 1194 3570 tecum
1204 3527 1236 3572 sit

150 3590 278 3637 Considera
289 3591 365 3650 igitur
372 3590 431 3651 quid
438 3590 484 3636 tibi
495 3590 526 3637 ad
537 3592 678 3649 exemplum
703 3595 727 3640 in
738 3596 871 3652 interitura,-
880 3595 992 3652 paeoniam
1000 3594 1102 3652 pretium
1111 3593 1156 3638 Dei
1165 3595 1236 3650 putas

150 3658 251 3706 vivendi
259 3658 386 3707 Dominica
393 3659 632 3718 aestapraeseribant.
704 3663 725 3705 te
738 3661 837 3718 pecnnia
857 3662 965 3718 consequi
981 3673 1046 3717 posse
1059 3672 1067 3704 ε
1078 3670 1126 3703 non
1144 3661 1177 3706 est
1193 3659 1237 3708 tibi

182 3727 220 3775 l8.
241 3729 273 3775 Et
292 3727 396 3784 ejiciebat
416 3740 494 3774 ornares
515 3728 638 3773 madentes
657 3728 680 3773 et
701 3738 915 3785 pars‚orpuesors
926 3726 1069 3783 inbocfide.

149 3799 248 3844 ementes
262 3797 381 3855 intemplo
392 3809 401 3842 .·
411 3798 434 3842 et
444 3807 536 3846 mensos
543 3795 680 3842 summala-
733 3794 925 3842 20.Venditores
934 3793 1122 3854 quoqueovium
1129 3793 1235 3843 esboum

149 3867 242 3914 morem
254 3867 347 3921 sverm,
363 3865 385 3911 et
395 3863 517 3911 cathedras
532 3865 679 3911 omdentium
704 3875 746 3912 eos
756 3863 828 3922 puto,
836 3863 879 3922 qui
891 3862 923 3910 de
933 3863 1017 3910 labore
1028 3862 1109 3909 alieno
1124 3864 1166 3911 vel
1176 3864 1236 3911 sim·

151 3934 278 3982 colombae.
289 3932 443 3982 Generaliter
453 3931 537 3992 itaque
552 3945 625 3992 supra
635 3932 679 3980 do-
703 3933 831 3992 plicitate,
848 3932 909 3978 ioedi
927 3931 1108 3979 auctionatores
1117 3932 1234 3990 quasdam

149 4000 419 4059 euitsaecularesabei
430 4001 522 4062 templo
537 4001 621 4053 abesse
633 4000 678 4050 de·
693 4000 822 4050 nundinas
841 4002 993 4061 aucupantur
1011 4014 1019 4047 ε
1037 4000 1080 4048 aut
1099 4001 1156 4059 quta
1175 4012 1236 4048 oves
1262 4009 1264 4015 ’
1343 4032 1346 4041 1
