2752 4814
192 393 223 438 50
586 391 706 436 sancei
721 391 882 435 AMBROSll

192 477 278 534 istique
296 474 326 522 ab
342 473 502 520 iuratoribus
513 473 545 520 ad
560 473 722 532 superiora,a
748 472 813 532 Lege
824 467 1052 524 noncrediderant,
1062 467 1087 516 in
1099 467 1177 528 gratia
1193 467 1277 516 crede

192 535 316 603 Synagog'a
328 542 422 590 scilicet
433 541 464 589 ad
477 543 722 602 Ecclesiamlleqres-
747 542 824 588 retur.

191 625 231 659 eur
240 624 281 669 per
291 609 649 670 stagnumcat,utbicait:aut
659 610 722 657 sicut
778 608 816 655 56.
838 609 899 654 Nam
917 606 982 654 sicut
998 605 1040 654 ilis
1055 618 1110 666 quae
1130 605 1156 651 in
1174 605 1279 652 medicis

192 678 319 726 ltlatthasus
329 692 370 738 per
380 679 480 738 {retum
493 677 609 726 internos
619 678 685 725 enim
697 679 722 725 et
748 676 892 734 erogaverat
908 686 1005 723 omnem
1027 673 1188 721 substantiam
1208 685 1278 720 suam

192 748 248 796 illos
260 747 350 796 fretum
363 760 477 808 magnum
493 750 539 796 est.
554 751 638 809 ltaque
649 760 721 795 nemo
747 743 787 806 (v.
795 743 856 808 lg),
868 745 903 792 ita
914 743 988 791 etiam
1000 743 1153 802 congregatio
1167 742 1278 799 gentium

191 816 223 864 de
233 817 341 865 Ecclesia
350 818 380 865 ad
388 818 537 877 synagogam
548 817 601 865 sine
610 817 721 877 periculo
747 814 861 861 amiserat
877 812 959 860 omnia
969 812 1032 858 dona
1044 811 1152 870 naturae3
1164 810 1190 857 et
1200 810 1280 870 patri-

190 885 279 934 transit
287 887 380 934 salutis.
392 885 440 933 Sed
451 887 477 933 et
491 886 536 933 ille
546 887 589 947 qui
600 886 632 933 de
645 887 721 945 Syna·
746 883 855 929 monium
866 882 941 929 vitale
952 880 1112 941 prodegerat,
1123 880 1220 938 sancta,
1233 892 1279 927 ve-

191 965 251 1014 goga
266 955 297 1002 ad
312 954 443 1002 Ecclesiam
462 955 565 1002 transire
581 955 719 1014 desiderat,
745 950 870 1010 recunda‚
883 950 1014 1009 religiosa,
1025 948 1074 995 tide
1089 947 1219 1007 promtior,
1232 961 1279 1007 pu·

190 1035 290 1071 crucem
301 1035 369 1072 suam
376 1023 459 1084 tollat,
475 1024 504 1071 ut
520 1024 651 1071 discrimen
662 1035 721 1071 eva·
745 1020 803 1066 dore
815 1020 966 1077 cunctatior,
977 1018 1024 1065 boc
1039 1017 1077 1064 est
1092 1017 1159 1064 enim
1176 1016 1279 1075 pudoris

190 1092 242 1141 dat.
746 1090 772 1136 et
789 1089 862 1148 fidei,
881 1099 1012 1147 agnoscere
1028 1084 1209 1144 infirmitatem,
1227 1097 1278 1137 non

196 1151 199 1157 ⁴
220 1161 719 1222 53.Curantemnonreeipiturliberatus,
745 1159 875 1218 desperare
883 1158 992 1205 veniam.
1004 1154 1148 1202 Verecunda
1157 1166 1216 1214 ergo
1224 1154 1278 1200 iim-

190 1230 234 1278 ted
244 1231 343 1279 demum
358 1232 440 1280 redire
457 1233 584 1290 censetur3
599 1231 647 1278 nisi
658 1232 719 1285 utet
745 1226 823 1272 briam
834 1225 1017 1285 tetigit,fidelis
1028 1222 1145 1281 accessit,
1161 1221 1278 1282 religiosa

189 1298 312 1357 iactantia
330 1312 403 1347 causa
416 1300 524 1360 vitetur,
535 1300 562 1346 et
578 1299 719 1347 infidelibus
745 1295 865 1354 credidit,
879 1295 976 1355 sapiens
992 1293 1105 1341 sanatum
1116 1304 1142 1340 se
1153 1304 1207 1340 esse
1218 1304 1277 1353 cog·

189 1367 222 1414 sit
233 1368 362 1426 exemplo,
370 1369 487 1427 quoniam
498 1368 584 1416 demus
594 1368 637 1413 illa
649 1368 720 1413 natu·
744 1364 822 1412 novit.
831 1365 870 1411 Sic
878 1364 960 1411 sancta
966 1363 1036 1423 plebs
1044 1361 1154 1420 gentium
1161 1374 1218 1421 quae
1225 1361 1277 1408 Deo

189 1435 241 1482 rale
252 1435 284 1483 sit
294 1434 472 1494 diversorium
483 1436 508 1482 et
520 1435 575 1481 ideo
586 1435 628 1495 qui
640 1447 720 1482 reme·
744 1433 863 1493 eredidit,
874 1434 1004 1493 peccatum
1016 1431 1130 1489 erubuit,
1139 1432 1167 1477 ut
1177 1430 1278 1478 desere·

189 1502 257 1550 dium
267 1504 378 1550 sanitatis
395 1503 476 1551 fuerat
486 1505 643 1561 consecutus,
654 1516 668 1550 a
680 1506 720 1551 tu·
744 1505 798 1550 ret:
810 1504 885 1552 sidem
901 1503 1006 1562 detulit,
1018 1504 1046 1550 ut
1057 1502 1186 1551 crederetz
1199 1501 1276 1549 devo.-

189 1572 262 1619 mulis
278 1572 306 1619 et
320 1572 440 1630 sepulcris
455 1571 561 1619 inillam
580 1572 717 1631 spiritalem
744 1571 836 1620 tionem
855 1572 983 1630 exhibuit,
1000 1572 1028 1618 ut
1044 1570 1159 1630 rogaret:
1176 1569 1276 1629 sapien·

188 1639 287 1687 domum
304 1639 386 1687 redire
402 1641 557 1699 precipitur3
569 1642 598 1688 ut
613 1642 655 1687 bat
670 1643 718 1688 Dei
743 1640 803 1687 tiam
814 1641 911 1701 induit,
924 1642 952 1689 ut
962 1640 1094 1688 sanitatem
1104 1651 1173 1686 snam
1184 1639 1210 1686 et
1220 1638 1276 1698 ipsa

188 1707 321 1768 templum,
339 1709 366 1755 in
386 1720 434 1768 quo
452 1710 506 1757 erat
522 1710 614 1758 mentis
633 1711 718 1770 sepul·
743 1712 847 1759 sentiret
858 1725 864 1757 :
876 1711 991 1758 fiduciam
1002 1708 1103 1767 sumsit,
1115 1709 1144 1756 ut
1153 1706 1276 1756 tutaretur

188 1789 267 1825 crum.
743 1778 808 1838 qaod
819 1779 986 1837 praeripuisset
1002 1777 1119 1824 alienum.

188 1875 214 1916 V.
223 1876 246 1914 tl
253 1904 260 1925 ,
268 1876 300 1917 tt.
307 1878 333 1917 Et
342 1888 390 1918 eccs
397 1879 455 1917 venit
462 1879 496 1916 nir
504 1879 540 1916 cui
547 1877 718 1922 nomentanus,
882 1881 905 1919 v.
917 1881 950 1919 tl.
963 1881 1054 1919 Accessit
1067 1886 1132 1919 retro.

209 1933 229 1967 οι
240 1930 283 1978 ipse
292 1932 389 1979 princeps
404 1932 521 1980 synagogae
532 1934 594 1968 erat:
609 1933 629 1967 et
642 1929 716 1968 cecidit
1095 1967 1100 1978 ¹
1198 1967 1204 1978 ‚

209 1985 331 2032 antepedes
345 1985 408 2031 Jesu,
425 1994 500 2031 rogans
516 1995 566 2022 eum
582 1988 608 2021 ut
625 1985 716 2020 intraret
771 1971 809 2018 57.
819 1967 1276 2026 curautemretrotaugrtuernstust

208 2036 299 2074 domum
308 2039 443 2086 suam;quia
452 2038 497 2075 filia
506 2039 569 2076 unica
576 2042 621 2075 erat
632 2038 664 2073 illi
672 2037 717 2075 lere
742 2039 779 2085 Αῃ
792 2039 849 2098 quia
868 2037 1038 2096 scriptumest
1054 2049 1061 2081 ς
1077 2038 1134 2084 Post
1143 2037 1275 2085 Dominum

208 2091 694 2138 ”³⁰¹⁰¹¹¹⁶⁰⁰‘¹⁸⁰³¹⁰·⁰¹¹¹2⁰”¹⁰¹¹⁸b³¹¹¹‘·
740 2112 817 2156 neum
829 2104 1275 2162 meoiamnulabistnuidetiamsibi

205 2170 255 2220 *tle
271 2174 415 2235 Reliquerat
427 2175 454 2222 in
465 2174 596 2223 Gerasenis
610 2175 716 2235 synago·
741 2176 795 2223 vult
815 2174 881 2233 quod
899 2175 925 2221 et
943 2173 1062 2232 principis
1084 2173 1136 2220 tilia
1154 2185 1274 2219 annorum

184 2252 241 2300 gam
250 2242 407 2301 cbristus,ut
418 2244 544 2291 diximus:
559 2244 584 2290 et
595 2257 668 2303 quem
677 2244 715 2290 sui
741 2243 871 2291 duodecim
887 2243 1053 2301 moriebatur,
1072 2241 1098 2288 et
1116 2242 1206 2289 mulier
1225 2243 1274 2289 ista

185 2323 234 2358 non
245 2314 403 2372 receperant,
414 2313 556 2372 excepimus
567 2313 657 2372 alieni,
670 2326 716 2360 ex·
741 2312 941 2371 tluxusanguinis
951 2311 981 2357 ab
993 2310 1274 2357 annisduodecimlabo·

186 2378 295 2438 cepimus
306 2393 379 2438 quem
388 2381 597 2440 exspectabamus.
611 2382 659 2427 Nec
671 2393 715 2427 no-
740 2382 810 2428 rabat
820 2395 827 2427 a
837 2381 884 2428 nisi
893 2383 921 2428 ut
930 2379 1275 2439 intelligaturquiaqnamdiu

186 2445 311 2504 bisigitur
326 2447 441 2508 aquibus
459 2448 714 2508 exspectabatur,diu
739 2451 863 2510 synagoga
887 2449 981 2508 viguit,
1006 2448 1127 2496 laboravit
1152 2449 1272 2496 Ecclesia.

184 2513 264 2561 detuit
275 2528 282 2560 z
293 2527 340 2562 nec
351 2516 382 2563 ad
397 2517 467 2575 illos,
480 2517 501 2563 si
512 2519 623 2576 rogetur,
632 2517 713 2565 redire
739 2518 857 2565 Deiectus
875 2518 957 2575 illius,
971 2517 1045 2575 huius
1057 2517 1093 2563 est
1104 2516 1196 2576 virtus3
1214 2517 1272 2576 quia

185 2583 290 2631 fastidit.
301 2583 345 2630 Vir
357 2585 423 2632 enim
440 2585 486 2633 iste
506 2585 619 2646 princeps
637 2585 714 2645 Syna-
738 2584 1273 2645 litorumdetictosatusgentibaoetconsum·

184 2663 261 2711 gogae,
271 2651 310 2698 cni
319 2651 369 2699 filia
377 2653 522 2712 eratunica,
531 2666 575 2712 pro
583 2653 713 2714 Synagogae
739 2655 813 2701 matio
825 2654 906 2710 illius,
920 2653 995 2710 huius
1007 2651 1150 2710 exordium,
1162 2664 1212 2698 non
1225 2665 1273 2699 na-

184 2721 310 2779 pereunlis
321 2723 430 2768 remedio
440 2722 600 2780 precabatur,
608 2735 663 2780 quae
674 2736 714 2767 ur·
739 2724 799 2769 turm
809 2723 954 2780 exordium,
965 2722 1007 2768 sed
1018 2721 1118 2774 salutis:
1131 2722 1192 2782 Quin
1203 2724 1273 2768 coeci-

183 2790 286 2846 gebatur
298 2790 323 2834 in
334 2791 451 2848 mortem3
463 2790 521 2848 quia
529 2790 688 2836 deserebatur
699 2802 712 2835 a
738 2794 774 2837 tas
785 2803 814 2837 ex
825 2795 890 2850 porte
905 2791 978 2838 leuci
994 2793 1101 2850 contigit,
1112 2792 1183 2837 donec
1197 2793 1272 2850 pleni-

182 2857 287 2902 Christo.
296 2856 374 2912 Quem
385 2856 636 2915 putamusSyuagogae
645 2857 713 2915 prin·
738 2861 791 2905 tudo
810 2861 911 2919 gentium
929 2860 1037 2906 intraret.
1049 2859 1100 2905 Non
1118 2859 1192 2918 igitur
1204 2860 1272 2905 teur-

183 2923 264 2983 eipem
273 2936 339 2984 esse,
351 2924 399 2971 nisi
408 2925 512 2983 Legem,
524 2925 594 2983 cujus
606 2926 713 2972 contem·
737 2939 812 2985 pore,
824 2927 866 2973 sed
877 2927 959 2987 specie
970 2927 1081 2974 sanitatis
1089 2928 1211 2987 antiquior
1222 2927 1272 2986 Sy-

183 2992 292 3050 platione
304 2993 576 3053 DorninusSyuagogam
586 2995 713 3054 nonpcni·
738 3008 829 3055 nagoga
844 3009 916 3055 quam
932 2996 1056 3054 Ecclesia3
1076 2996 1133 3055 quia
1152 2995 1271 3056 quamdiu

185 3059 224 3106 tus
238 3059 385 3119 dereliquit,
401 3061 444 3107 sed
463 3061 611 3108 medicinam
628 3062 712 3109 salutis
737 3064 779 3110 illa
791 3066 921 3124 credebat,
932 3065 978 3112 ista
997 3077 1046 3111 non
1056 3064 1175 3122 credidit,
1187 3064 1213 3110 et
1223 3077 1271 3123 per

184 3127 343 3176 credentibus
361 3129 510 3177 reservavit?
526 3131 562 3178 Ad
580 3131 643 3177 banc
655 3144 711 3191 ergo
736 3134 816 3180 varias
833 3134 942 3193 corporis
960 3134 1033 3192 atque
1045 3135 1132 3180 animae
1144 3133 1270 3192 passiones

183 3193 302 3254 principis
314 3195 389 3241 tiliam
401 3196 459 3244 dum
471 3200 585 3257 properat
595 3198 641 3244 Dei
651 3199 712 3245 Ver·
737 3202 913 3250 immedicabili
923 3201 1033 3249 remedio
1049 3215 1112 3261 aegra
1126 3202 1269 3261 languebat.

184 3262 258 3320 bum,
277 3267 305 3311 ut
328 3264 407 3312 salvos
426 3265 518 3313 iaceret
540 3265 602 3312 tilios
621 3268 710 3327 lsrael,
735 3270 838 3317 ludivlt
848 3270 964 3328 aegrotare
981 3272 1100 3329 populum
1111 3270 1269 3328 Judaeorum,

183 3332 266 3378 sancta
277 3332 384 3380 Ecclesia
394 3334 424 3381 de
434 3335 709 3397 gentibuscongregata,
735 3352 833 3399 sperare
849 3340 924 3397 coepit
940 3339 1025 3387 salutis
1040 3352 1090 3386 suae
1108 3338 1245 3386 remedium
1260 3353 1267 3386 ι

183 3412 238 3459 qum
249 3401 392 3449 interiorum
411 3404 480 3464 lapsu
495 3405 624 3452 eriminum
634 3406 710 3467 depe·
735 3409 833 3467 tempus
850 3407 946 3454 venisse
962 3408 1076 3466 cognovit
1094 3421 1142 3466 quo
1154 3407 1270 3455 medicus

183 3469 262 3531 ribat,
273 3473 382 3531 paratam
397 3473 452 3520 aliis
469 3472 516 3520 tide
527 3474 655 3535 praeripult
671 3488 709 3523 sa·
734 3476 831 3524 adesset
849 3477 951 3534 ecoelo,
963 3477 1072 3523 surrexit
1087 3477 1115 3523 ut
1126 3480 1269 3526 occurreret

182 3539 296 3587 nitatem.
734 3545 814 3590 Verbo
834 3556 840 3588 ι
860 3543 922 3590 vluit
942 3545 1000 3601 quia
1024 3543 1233 3602 comprimebatur
1251 3558 1267 3591 a

212 3609 384 3658 eternaliter
395 3611 460 3657 bunc
476 3611 556 3659 locum
567 3608 627 3658 satis
637 3609 709 3670 puta·
734 3611 826 3671 turbis;
837 3623 885 3658 non
897 3612 964 3658 enim
972 3611 1090 3669 creduut,
1102 3611 1145 3671 qui
1159 3614 1266 3673 compri-

183 3677 263 3724 rimus
273 3679 460 3738 exprimendum
472 3693 479 3727 ι
492 3682 517 3728 et
533 3681 587 3727 ideo
603 3691 651 3725 non
666 3681 708 3725 illa
734 3682 816 3741 munt,
826 3681 928 3728 credunt
939 3681 982 3742 qui
993 3680 1103 3741 tangunt.
1116 3680 1175 3728 Fide
1184 3682 1266 3742 tangi-

184 3757 237 3802 quae
249 3746 375 3795 dictasunt
383 3748 600 3806 retractamus,sed
608 3747 709 3807 mystica
734 3751 774 3798 tur
782 3752 890 3798 Christus
897 3751 958 3808 ,side
966 3751 1076 3798 Christus
1088 3749 1188 3798 videtur
1200 3763 1206 3796 :
1216 3763 1266 3798 non

184 3810 253 3858 trevi
269 3815 391 3864 voluimus
408 3830 520 3865 sermone
535 3817 708 3875 perstringere.
734 3830 834 3878 corpore
854 3822 976 3881 tangitur,
994 3832 1044 3868 ιιοιι
1063 3821 1140 3868 oculis
1154 3831 1265 3880 compre-

184 3882 220 3926 ltn
229 3892 279 3927 non
290 3881 324 3930 ita
335 3884 424 3933 laetum
437 3888 489 3945 est,
502 3885 530 3932 ut
545 3883 590 3929 Dei
601 3884 710 3930 Verbum
735 3885 863 3944 henditur;
874 3891 1028 3947 nequeenim
1037 3889 1167 3949 videt,qui
1176 3888 1265 3935 videns

183 3960 240 3995 cum
256 3951 365 3999 venisset
382 3951 413 3998 ad
428 3953 541 4006 ludaeos,
563 3949 710 3998 adsciscere·
734 3963 782 3997 non
800 3953 870 4001 videt
881 3971 889 4001 .·
900 3969 982 4016 neque
1000 3959 1082 4016 audit,
1101 3957 1144 4017 qui
1158 3951 1189 4002 ea
1207 3969 1262 4016 quae

183 4019 224 4064 tur
237 4029 250 4063 a
261 4019 392 4079 gentibus,
403 4021 428 4064 et
439 4019 508 4078 prius
519 4018 549 4065 ab
565 4017 615 4064 illis
630 4018 672 4076 qui
684 4020 709 4064 in
734 4019 814 4078 audit,
826 4033 873 4067 non
885 4023 1003 4082 intelligit
1015 4039 1022 4068 ι
1033 4039 1112 4082 necque
1129 4025 1206 4082 tangit
1216 4027 1260 4084 qui
