2760 4808
144 391 190 441 iffi
244 349 252 370 i
521 388 649 435 stricti
665 387 840 433 inanest}
890 387 896 391 “

144 468 669 535 moribustoecnndasse.sedqulaprolixum
694 468 817 516 exercitus
839 482 845 513 :
869 468 920 516 Nisi
940 470 966 514 tu
988 467 1227 525 curiomonaster

145 539 313 601 cstcomplecti
318 551 413 597 omnes,
419 538 557 597 cognoscite
563 538 669 597 aliquas,
693 538 802 594 Quanta,
814 537 926 596 inquam,
938 536 1021 584 vlduae
1032 534 1227 599 tortitudo,quaa

144 608 171 655 et
187 607 309 668 praecipue
329 606 485 663 Debboram,
511 605 583 663 cujus
599 604 670 653 nohis
693 605 923 665 apericulishlium
939 617 987 652 nec
1002 605 1116 652 materno
1126 608 1227 654 revocat

144 675 252 735 prodidit
259 675 384 734 Scriptura
395 675 523 721 virtutem.
696 674 784 722 ellectu
794 687 801 732 ς
812 675 886 720 immo
903 673 933 719 ad
941 673 1070 721 victoriam
1081 673 1162 720 tilium
1173 677 1227 723 stu·

172 742 213 791 tt.
229 745 287 792 llaec
302 744 369 792 enim
385 742 468 790 docuit
479 738 670 789 nonsolumviri
695 743 736 789 dio
757 742 841 788 matris
862 742 988 800 hortatur,
1010 741 1096 790 dicens
1113 743 1180 802 quod
1199 744 1226 790 in

144 812 238 860 auxilio
248 812 394 860 riduasnon
405 822 492 868 egere,
508 808 671 856 verumetiam
696 824 770 858 manu
779 812 930 858 mulierissit
939 823 1035 858 summa
1046 811 1174 859 victorias?

144 879 204 928 uiris
216 892 269 927 esse
277 880 387 928 subsidio
398 892 405 926 ι
416 891 471 938 quae
487 890 534 924 nec
545 890 618 924 sexus
630 877 669 922 in·
725 878 764 925 tr.
777 879 890 926 chbora
902 891 960 937 ergo
974 880 1052 938 praelii
1069 881 1226 940 prophetarit

144 949 260 995 llrmitate
291 949 422 1005 revocata,
451 946 534 993 munia
563 946 671 992 virorum
696 948 926 1005 eventum,Baraeh
935 947 1017 1004 jussus
1025 947 1145 1006 produxit
1155 961 1226 996 exer·

145 1017 258 1066 obeunda
268 1017 390 1076 suscepit,
404 1018 430 1063 et
439 1015 551 1074 suscepta
562 1015 672 1062 cumula-
697 1017 774 1061 citnm
794 1017 866 1063 :lael
887 1016 955 1073 cepit
973 1016 1146 1075 triumphum3
1168 1018 1225 1065 huic

146 1087 191 1135 vit.
197 1087 309 1145 Denique
323 1097 380 1132 curn
390 1084 468 1131 ludaei
478 1083 591 1130 tudicum
602 1095 672 1141 repe·
698 1087 765 1132 enirn
781 1084 917 1144 prophetiae
933 1083 961 1129 in
972 1085 1087 1131 Debbora
1096 1085 1225 1146 militarit,

144 1155 231 1202 rentur
241 1155 356 1212 arbitrio,
366 1153 425 1213 quia
433 1151 673 1210 virillnonpoterant
697 1167 751 1214 quae
759 1155 861 1213 mystice
869 1153 940 1200 nohis
949 1154 1030 1200 ortum
1038 1154 1186 1202 surrectura
1194 1168 1230 1202 cx>

144 1225 188 1272 vel
198 1225 316 1283 aequitate
328 1223 394 1282 regi,
403 1224 444 1269 rel
455 1223 547 1270 virtute
559 1222 672 1279 delendi,
697 1222 811 1281 gentibus
821 1221 1070 1269 Ecclesiaerevelavit
1078 1223 1227 1279 ‚cultrium-

145 1291 286 1341 bellishinc
300 1292 358 1339 inde
370 1291 674 1350 ardentibus‚l)ehboram
697 1290 761 1349 phus
779 1289 810 1336 de
829 1289 911 1336 Sisara
931 1288 1051 1349 spiritali,
1073 1290 1121 1337 hoc
1133 1292 1184 1351 est,
1197 1292 1228 1340 de

144 1360 673 1421 sibicujusregerenturiudicio,cooptarunt.
698 1357 843 1408 adversariis
874 1356 1040 1417 potestatibus
1067 1362 1226 1418 quaereretur.

144 1430 230 1489 ltaque
244 1429 321 1476 multa
335 1427 413 1473 millia
424 1427 533 1475 virorum
540 1440 589 1474 una
600 1427 675 1475 vidua
699 1426 771 1472 Nobis
781 1426 857 1484 igitur
868 1425 1041 1484 prophetarum
1050 1428 1150 1474 oracula
1158 1427 1228 1474 dimi·

146 1497 175 1544 et
187 1497 213 1543 in
231 1508 292 1554 pace
303 1495 383 1552 rexit,
398 1495 424 1541 et
433 1495 463 1541 ab
475 1495 544 1542 hoste
553 1493 671 1541 delendit.
700 1494 800 1553 carunt,
811 1494 882 1540 nohis
891 1494 934 1540 illa
944 1494 1123 1552 prophetarum
1137 1495 1230 1553 judicia

145 1563 216 1610 ltlulti
226 1562 327 1610 ludices
338 1563 364 1609 in
376 1563 468 1621 lsrael,
485 1563 528 1608 sed
539 1562 607 1608 nulla
618 1563 676 1609 ante
700 1564 726 1610 et
735 1574 802 1609 arma
814 1562 937 1610 uicerunt.
952 1562 980 1607 Et
995 1561 1051 1608 ideo
1065 1574 1116 1610 non
1125 1566 1231 1623 populus

143 1629 515 1691 judexleminarmultiludices
521 1630 673 1689 posttesum,
699 1629 985 1689 ludaeorum,sedetiam
994 1631 1047 1676 lael
1057 1631 1187 1678 victoriam
1198 1632 1228 1680 de

145 1699 190 1753 sed
210 1699 294 1746 nullus
313 1699 444 1758 propheta.
466 1697 496 1743 Et
513 1699 568 1745 ideo
584 1699 674 1746 lectum
699 1700 770 1746 hoste
785 1699 908 1758 quesivit.
929 1698 1020 1744 lnlelix
1036 1711 1096 1758 ergo
1111 1701 1229 1760 populus,

146 1769 218 1816 istius
229 1768 288 1827 puto
296 1779 349 1814 esse
358 1767 495 1826 judicium,
506 1767 532 1813 et
545 1766 612 1825 gesta
622 1766 676 1823 eius
700 1767 743 1826 qui
760 1766 857 1814 hostem
874 1778 949 1825 quem
962 1796 965 1805 -
976 1765 1086 1826 fugavit,
1114 1771 1233 1828 persequi?

148 1837 253 1884 arhltror
271 1848 324 1884 esse
343 1835 478 1896 descripta3
489 1848 522 1884 ne
537 1836 676 1883 mulieresa
700 1834 758 1882 fidei
768 1835 917 1882 virtutenon
932 1835 1020 1893 potnit.
1033 1835 1120 1894 ltaque
1132 1837 1229 1884 illorum

148 1904 248 1953 virtutis
256 1904 336 1952 ollicio
346 1905 476 1952 muliebris
491 1917 566 1952 sexus
575 1904 677 1952 infirmi-
701 1902 791 1950 delicto
804 1903 868 1950 salus
880 1902 996 1962 gentihus
1008 1915 1014 1947 ε
1026 1903 1128 1950 illorum
1139 1904 1229 1953 desidia

148 1975 200 2020 tate
212 1973 369 2021 revocentur.
386 1973 468 2021 Vidua
483 1975 587 2032 populos
597 1975 677 2032 regit,
701 1973 771 2019 nohis
782 1972 877 2018 servata
889 1971 992 2018 victoria
1002 1972 1048 2019 est.

148 2039 224 2086 vidua
235 2040 303 2086 ducit
312 2040 450 2099 exercitus,
462 2040 537 2087 vidua
547 2040 622 2087 duces
633 2040 677 2087 eli·
731 2037 1233 2102 128.taelergoprostravitSisaram,quem'

149 2107 678 2166 qlt,viduahelladisponit,mandattrium-
701 2107 784 2154 tamen
795 2118 894 2153 corusco
905 2107 980 2164 duce,
1000 2107 1046 2153 hoc
1058 2109 1126 2154 enim
1140 2109 1231 2167 signill-
1283 2156 1287 2161 ,

149 2175 276 2233 phoslton
283 2187 339 2233 erqo
346 2176 432 2221 natura
441 2188 482 2222 rea
491 2176 528 2222 est
539 2177 625 2235 culpae,
631 2189 678 2223 nec
702 2176 741 2223 cat
754 2175 924 2233 interpretatio
935 2176 1043 2234 Barach,
1055 2187 1144 2224 manus
1162 2178 1232 2224 veh·-

149 2241 287 2287 inlirmitati
318 2241 423 2288 obnoxia
445 2254 452 2287 r
472 2252 605 2290 srneuuos
627 2255 677 2291 non
701 2256 758 2290 rum
777 2243 905 2302 fugaverat
919 2243 1074 2302 ludaeorum3
1091 2244 1232 2304 frequenter

150 2311 238 2368 sexus,
251 2308 295 2355 sed
305 2309 384 2356 rirtus
395 2309 463 2357 tacit.
702 2312 781 2370 enim,
792 2312 822 2357 ut
833 2311 949 2370 legimus,
958 2311 1112 2359 orationibus
1124 2316 1151 2361 et
1159 2314 1230 2360 meri-

179 2376 219 2424 ld.
236 2378 266 2426 El
280 2378 306 2425 in
325 2390 386 2437 pace
400 2379 501 2438 quidem
512 2381 581 2428 nulla
592 2381 677 2441 queri·
702 2379 734 2426 tis
748 2381 925 2438 prophetarum
941 2381 1050 2426 coelestia
1065 2382 1180 2429 Patribus
1189 2383 1228 2429 ad-

148 2444 676 2507 monia,nulluserrormulterisinvenitur:
702 2448 771 2495 tuere
789 2449 906 2495 subsidia.
929 2448 978 2495 Sed
995 2449 1035 2496 his
1054 2451 1107 2509 jam
1127 2452 1188 2498 tunc
1202 2451 1230 2497 dc

149 2526 205 2561 cum
226 2514 340 2574 plerique
359 2527 409 2562 non
419 2515 580 2562 mediocrium
591 2529 679 2575 pccca-
703 2517 1229 2577 nequitiisspiritalihnsrictoriaparabatur,

147 2585 228 2630 torum
240 2584 450 2643 auctorcspepulo
468 2597 511 2631 suo
527 2585 625 2631 iudices
637 2599 679 2632 ex·
703 2585 793 2642 quihus
814 2585 903 2631 dicitur
924 2585 952 2630 in
974 2585 1107 2642 Evangelio
1127 2598 1134 2630 :
1155 2588 1229 2634 Vertite

149 2652 277 2700 suessent.
304 2652 352 2698 Ubi
372 2664 431 2698 vcro
449 2653 592 2710 Chananaei,
621 2666 679 2711 geris
705 2653 904 2700 bencdicttPotris
925 2655 1107 2711 mci,possr'dcle
1122 2658 1230 2714 paraturi

150 2722 220 2769 ferox
230 2721 328 2780 praelio,
345 2721 370 2767 et
381 2721 542 2767 adfluentium
555 2723 678 2780 copiarum
703 2722 767 2768 codas
794 2735 892 2780 requam
911 2736 926 2767 e
947 2723 1112 2768 constitutione
1141 2724 1225 2768 muudi.

150 2789 232 2849 opima
248 2801 378 2847 successu,
394 2789 496 2835 hostiles
517 2790 543 2834 in
560 2791 678 2849 populum
703 2791 764 2848 Ergo
774 2789 924 2848 principium
940 2788 1073 2836 victorina
1084 2790 1227 2848 majoribus,

150 2857 289 2904 ludaeorum
308 2858 402 2903 animos
424 2857 579 2913 extulerunt,
605 2858 679 2904 vidua
704 2858 794 2904 finisin
806 2859 922 2904 Ecclesia.

149 2935 200 2979 prae
213 2923 308 2969 caeteris
319 2923 422 2968 bellicos
431 2923 530 2969 instruit
538 2928 678 2982 apparatus.
733 2928 772 2974 1⁸9.
786 2926 894 2972 Ecclesia
907 2926 990 2972 autem
1004 2938 1053 2973 non
1070 2925 1147 2973 armis
1162 2939 1230 2983 sacerr-

149 2991 178 3034 Et
187 2989 216 3034 ut
227 2989 305 3035 discas
315 3001 363 3034 non
374 2990 481 3046 puhlicis
496 2992 572 3048 copiis
583 2993 680 3038 domes·
703 2994 796 3039 laribus
812 2993 890 3040 uincit
913 2993 1064 3039 adversarias
1085 2994 1230 3053 potestates,

149 3054 210 3100 ticas
218 3055 376 3102 necessitates
391 3054 466 3102 tuisse
482 3057 618 3114 subnixas,
636 3060 679 3106 sed
703 3061 746 3106 scd
758 3061 831 3106 armis
842 3060 994 3119 spiritalibus
1004 3067 1080 3119 ‚quaa
1090 3063 1149 3108 sunt
1163 3060 1230 3106 fortia

150 3121 289 3167 domesticis
301 3121 537 3179 discipliulsmunus
549 3125 678 3181 publicum
703 3129 755 3174 Deo
786 3129 816 3173 ad
842 3128 1001 3175 destruendas
1018 3129 1187 3186 munitiones,
1208 3129 1229 3173 ot

150 3187 324 3250 gubernatum,
339 3187 522 3248 dornopropria
539 3192 616 3236 filiurn
632 3194 679 3238 du·
703 3196 860 3243 altitudinem
868 3197 985 3255 nequitiae
997 3197 1126 3256 spiritalis.
1139 3199 1171 3244 Et
1181 3197 1230 3242 ideo

150 3266 204 3303 cem
222 3254 335 3314 producit
351 3257 491 3316 exercitus,
508 3258 679 3316 utagnoscatis
703 3264 787 3311 Sisarae
805 3265 858 3311 sitis
874 3265 944 3310 lactis
958 3266 1046 3322 poculo
1061 3264 1231 3324 restinguitur,

149 3324 214 3385 quod
232 3324 308 3383 possit
330 3324 458 3372 instituere
479 3327 554 3374 vidua
574 3327 679 3374 bellato-
703 3333 761 3392 qam
771 3322 866 3379 ratione
875 3335 1020 3391 superatur,
1037 3333 1103 3391 quod
1115 3334 1182 3380 enirn
1193 3345 1231 3379 no-

151 3405 205 3441 rem
219 3408 226 3438 ι
238 3405 312 3452 quem
323 3391 392 3453 quasi
402 3396 481 3440 mater
493 3395 597 3454 erudiit,
609 3397 677 3456 quasi
704 3402 740 3448 his
757 3403 864 3448 salutare
876 3401 905 3446 ad
921 3413 1000 3446 escam
1010 3433 1017 3457 ‚
1029 3401 1076 3447 hoc
1089 3399 1230 3448 adversaria

149 3463 228 3522 iudex
242 3462 389 3522 praeposuit,
401 3465 470 3520 quasi
482 3464 550 3511 fortis
562 3465 678 3524 instituit,
703 3470 815 3527 potestati
829 3470 920 3515 lethale
932 3468 963 3514 ad
975 3468 1153 3515 infirmitatem.
1166 3471 1232 3516 hrma

53 3557 58 3566 ·
150 3533 219 3592 quasi
227 3532 381 3594 prophetissa
391 3531 501 3580 uictoriae
516 3535 588 3580 certae
599 3535 677 3581 trans-
704 3538 817 3583 Ecclesiae
826 3537 894 3595 sitlos,
904 3548 970 3582 arma
979 3535 1095 3582 Ecclesiae
1105 3536 1183 3584 oratio
1191 3538 1232 3590 est,

150 3601 228 3650 misit.
703 3619 758 3666 quae
770 3606 936 3652 adversarium
948 3603 1035 3650 vincit.

179 3669 340 3730 canemque
355 3669 382 3717 in
398 3670 512 3718 mulieris
525 3684 600 3719 manu
611 3684 678 3718 sum·
734 3676 772 3720 50.
785 3676 845 3732 Ergo
854 3673 988 3719 secundum
998 3671 1127 3718 historiam
1140 3671 1170 3718 ad
1180 3683 1231 3730 pro-

148 3737 414 3785 ruamtuisserictoriae
425 3740 496 3786 docet
506 3741 599 3786 Barach
615 3741 679 3787 silius
703 3743 823 3790 vocandos
849 3742 943 3787 errimus
969 3739 1119 3786 feminarum
1146 3740 1230 3786 tenum

150 3803 251 3852 dicens:
266 3809 318 3854 Nisi
329 3810 449 3856 tuocaeia's
459 3822 558 3863 roccum,
570 3822 617 3854 riori
626 3809 662 3854 ibo
669 3824 677 3865 3
701 3811 832 3869 iudicarit,
844 3810 934 3856 lemine
942 3808 1071 3868 disposuit,
1080 3809 1174 3856 femina
1183 3820 1232 3868 pro-

150 3872 206 3926 qaie
216 3885 264 3919 uolt
280 3876 333 3921 aori
349 3877 408 3922 diem
419 3879 444 3922 in
454 3890 501 3934 qua
510 3877 587 3932 diripit
597 3879 678 3922 Domi·
703 3879 829 3936 phetavit,
842 3878 934 3924 lamina
945 3877 1109 3934 triumphavit
1120 3909 1127 3934 ,
1138 3879 1164 3924 et
1173 3889 1230 3936 prae-

149 3948 195 3983 aae
203 3940 317 3997 Aaqelam
324 3957 393 3991 arcum
403 3957 500 3992 maccam.
513 3945 610 4002 Quanta
621 3955 678 4000 erqo
704 3945 804 3991 liarihus
812 3944 955 3992 intermixta
964 3943 1050 4002 copiis,
1059 3944 1232 4003 imperioriros

151 4003 253 4052 laminae
271 4008 343 4056 istius
361 4011 454 4070 virtus,
477 4013 517 4060 cui
542 4013 594 4058 dux
619 4012 694 4066 dreit]
705 4011 790 4060 docuit
821 4014 927 4062 militaro
954 4013 1069 4062 femineo.
1097 4012 1233 4060 Secundum
1257 4029 1259 4032 ⁴
