2752 4814
163 402 209 449 tia
575 394 869 450 sanerr'annnosri

161 486 261 532 oculum
275 496 318 544 pro
329 484 413 541 oculo,
430 484 528 531 dentem
539 496 582 544 pro
596 484 685 542 dente,
714 487 786 533 aetate
796 487 941 546 desponsata
952 485 995 534 alii
1006 486 1058 535 viro
1068 488 1135 545 justo
1146 487 1248 549 sapien*

160 565 259 599 manum
270 566 313 612 pso
330 565 413 602 mann.
488 547 492 552 “
713 553 772 600 tiarn
789 555 841 614 sinc
858 555 998 615 corruptela
1016 556 1124 615 corporis
1140 556 1180 603 tui
1198 558 1248 604 cito

190 620 229 666 ιιι
238 619 284 666 Sed
294 632 337 666 cur
347 620 495 669 oculumaut
505 632 618 680 manum
630 633 686 668 cum
712 621 848 680 concipias,
875 623 926 669 cito
946 623 1041 681 parias,
1063 623 1112 671 cito
1137 625 1245 672 nutrias.

159 689 283 738 abortivus
293 692 319 736 et
329 703 428 736 manum
437 691 542 750 habeat,
551 692 577 738 ct
588 692 685 737 oculum
712 691 772 738 Vide
782 692 845 738 mihi
855 694 956 755 Paulum
965 693 1083 744 hesterno
1091 705 1246 752 persequeu⁴

127 801 131 808 .
159 758 373 818 habeat,qu11am
383 759 499 807 formatus
507 772 624 806 excussus
634 759 686 807 est2
711 760 775 818 tem,
797 760 870 808 bodie
890 761 1048 821 credentem,
1069 761 1112 838 die
1126 763 1245 845 'crastiua

159 825 228 872 Unde
241 827 393 886 apparetpro
404 839 434 874 eo
446 828 517 874 modo
528 840 575 887 quo
587 829 684 887 nocuit,
710 827 976 885 predicantem..
1120 866 1124 870 .
1249 840 1252 846 ·

159 905 357 954 unumquemque
376 894 551 944 damnandnm.
573 895 599 941 Si
618 897 684 943 euim
739 897 778 941 55
797 898 867 944 &nte
881 911 910 944 oe
923 899 967 957 (iot
980 878 1043 957 bopo
1050 864 1128 963 cestro
1144 899 1241 958 hyeme,

119 1006 121 1010 .
158 963 361 1011 catechumenum
377 965 483 1024 quisvel
499 966 684 1014 haereticusve!
709 963 856 1010 vclsnbboto.
868 954 1244 1032 CumJudiclidieventurussit

157 1031 325 1079 schismaticus
333 1034 455 1092 tamqnam
466 1034 497 1080 de
505 1035 575 1080 utero
583 1035 622 1080 vel
631 1047 684 1080 aur
709 1030 838 1089 Dominus,
846 1032 1185 1099 antequemrgmsardebrt
1177 1047 1203 1079 ι
1188 1033 1244 1092 nis

157 1111 203 1146 mae
214 1100 256 1146 vel
268 1101 389 1148 Ecclesiae
397 1102 557 1160 parturientis
567 1113 684 1148 excusse·
708 1099 824 1145 autem
800 1112 839 1146 vie
851 1095 892 1146 aut
901 1113 1000 1159 semper
1008 1100 1105 1159 eadem,
1113 1102 1160 1149 aut
1168 1102 1243 1149 citrut

155 1167 201 1226 rit,
210 1168 289 1214 levius
297 1169 414 1228 punitur:
423 1168 681 1232 sifidelem‚gravius
708 1165 794 1214 adurat
805 1169 907 1215 aestate
920 1168 1039 1228 quomodo
1047 1163 1172 1216 orandum
1182 1170 1243 1218 dicit

155 1230 185 1281 st
199 1235 254 1282 ideo
265 1236 401 1282 cavendum
415 1248 446 1282 ne
459 1249 515 1282 cum
526 1236 616 1282 talibus
629 1237 682 1283 liti·
706 1225 738 1279 nc¹
754 1233 811 1293 tuga
826 1237 907 1283 nostra
925 1236 1023 1298 hyeme
1032 1235 1088 1294 dat3
1100 1233 1158 1283 nisi
1178 1237 1240 1285 torte

154 1302 232 1361 gando
249 1303 383 1350 Ecclesiam
399 1305 493 1362 calces3
511 1304 598 1351 stultas
614 1305 680 1351 enim
706 1301 768 1359 quia
779 1302 800 1350 is
815 1303 865 1362 qui'
875 1305 902 1349 in
917 1300 1019 1350 montes
1024 1269 1103 1366 ruyrt’,
1118 1294 1201 1370 trigas
1215 1304 1241 1353 et

155 1382 262 1429 pugnas,
280 1371 306 1418 et
320 1371 382 1418 sine
389 1371 519 1430 disciplina
534 1373 681 1431 questiones
705 1368 823 1430 glaciem,
835 1372 955 1430 procellas
965 1372 991 1418 et
1001 1366 1149 1441 grandinem
1162 1372 1241 1420 delio

155 1438 237 1484 devita
246 1451 409 1497 scrensqura
420 1441 537 1497 generant
545 1441 681 1499 htes,qur
705 1436 785 1483 torum
797 1439 884 1486 timere
896 1440 986 1499 debet
1006 1440 1032 1486 et
1046 1431 1138 1498 optare
1146 1440 1239 1488 aestsvaa

154 1505 200 1553 bns
224 1506 330 1553 Ecclesia
351 1508 420 1566 quasi
443 1508 582 1567 parturiens
605 1509 680 1557 totius
705 1504 767 1552 lucis
782 1508 955 1566 serenitatem,
973 1520 1005 1554 ne
1017 1507 1114 1555 lubrico
1127 1509 1239 1568 corporis

96 1597 98 1602 .
154 1575 261 1632 corporis
273 1576 456 1623 conculcatione
472 1577 587 1624 venetur.
704 1574 805 1632 vestigia
815 1575 1043 1622 intirmalabantnrt

184 1642 223 1689 ιι).
230 1645 291 1702 Ergo
300 1643 349 1691 cito
358 1645 427 1704 reple
438 1645 552 1691 ventrem
559 1645 640 1704 tuum,
651 1646 679 1693 ut
719 1682 722 1686 .
733 1639 777 1688 55
784 1643 853 1690 Unde
863 1644 888 1706 ct
899 1643 942 1690 illa
950 1644 1000 1701 iam
1009 1656 1097 1692 secura
1104 1657 1237 1706 processu,

154 1710 227 1758 citius
237 1711 315 1771 possis
329 1715 426 1771 partum
442 1712 526 1760 edere.
544 1713 606 1760 dudi
618 1726 680 1773 qum
702 1707 751 1764 iam
763 1710 842 1769 ¹tirmis
856 1708 1054 1778 radicibus'nixa
1070 1710 1182 1772 letatur,
1200 1715 1237 1762 di-

152 1780 224 1827 modo
238 1781 346 1840 repleas,
365 1783 391 1828 et
405 1781 495 1841 quibus
513 1783 627 1842 repleas:
638 1785 678 1830 12¹ae
704 1788 760 1824 cens
772 1791 778 1823 ι
790 1782 876 1837 Ilyemu
884 1781 955 1836 caira,
967 1782 1054 1839 tempus
1064 1784 1161 1828 secandi
1168 1784 1237 1842 udae-¹

152 1850 244 1906 pactu,
256 1849 349 1908 iuquit,
359 1852 407 1897 oris
417 1851 455 1897 mi
467 1851 615 1910 virtmpleoit
625 1865 679 1898 ven·
702 1847 750 1904 nti,·
771 1847 860 1905 hyeme
879 1847 946 1893 enim
963 1847 1062 1895 arbores
1080 1849 1174 1896 ventus
1191 1863 1235 1897 suo

152 1920 211 1964 trem
225 1931 294 1964 satum
311 1932 320 1964 .·
338 1917 449 1975 {ructibus
466 1919 544 1964 autem
562 1918 678 1967 labiorum
703 1912 793 1962 honore
808 1915 943 1974 despoliat,
959 1917 985 1963 et
1001 1916 1236 1978 asperitdsirissoris

150 1998 246 2032 suorum
255 1986 388 2033 satiabitur.
703 1983 800 2030 teneras
815 1984 915 2031 frondes
928 1984 954 2031 in
969 1984 1077 2043 speciem
1093 1987 1182 2034 mortis
1196 1988 1235 2035 in·-

183 2055 222 2101 50.
241 2055 277 2100 De
295 2055 462 2102 nutrientibus
479 2067 576 2114 quoque
594 2055 677 2102 docuit
703 2049 792 2098 terlicit
803 2065 809 2098 a
821 2055 971 2100 vereautem
982 2053 1112 2112 resurgunt
1124 2056 1234 2114 semina,

153 2134 194 2168 me
207 2122 268 2168 illud
279 2123 414 2169 Salomonis
424 2123 529 2168 sublime
543 2123 675 2182 iudicium,
702 2119 727 2162 et
738 2119 860 2178 tamquam
868 2133 930 2168 nova
941 2123 1011 2168 aestas
1019 2122 1111 2169 natmae
1120 2122 1233 2171 viridan-

152 2187 178 2234 et
193 2187 237 2232 illa
256 2188 359 2247 duarum
373 2180 498 2235 'contentio
514 2189 675 2248 feminarum,
702 2184 734 2231 tis
745 2186 869 2235 adolescit.
885 2189 948 2235 Vere
964 2188 1052 2247 pascha
1069 2190 1118 2247 cst,
1134 2192 1232 2249 quando

149 2254 215 2315 quod
225 2253 320 2301 etiamsi
330 2256 379 2313 jam
390 2257 474 2315 partus
484 2257 566 2303 dolore
576 2258 624 2303 sint
635 2259 677 2303 als·
702 2255 811 2302 servatus
826 2269 880 2304 sum
896 2269 902 2301 ι
920 2259 1003 2304 aestate
1020 2258 1057 2304 est
1072 2259 1231 2320 Pentecoste,

150 2323 249 2379 solutae,
270 2322 350 2370 adhuc
370 2323 453 2370 tamen
473 2325 674 2384 confidendorum
700 2324 796 2378 quando
806 2325 994 2372 resurrectionis
1004 2326 1105 2384 gloriam
1114 2327 1233 2375 celebra-

148 2391 363 2449 pignorumjmctu
380 2391 482 2450 nutent3
501 2393 559 2452 quia
574 2405 619 2450 per
637 2393 675 2440 te·
700 2401 755 2437 mus
765 2392 796 2438 ad
808 2394 882 2439 instar
891 2393 976 2439 taturi.

148 2459 437 2506 malentiamssuutrientis
452 2471 550 2507 somnus
561 2461 674 2520 obrepat,
729 2458 769 2504 55.
781 2459 903 2506 Orandum
914 2461 988 2508 etiam
1000 2474 1032 2508 ne
1040 2461 1141 2509 sabbato
1149 2463 1230 2512 telmc

148 2528 278 2587 parvulum
284 2528 502 2587 materopprimat,
510 2529 583 2587 neget
592 2542 674 2589 suum,
700 2525 751 2583 est,
763 2527 793 2572 ab
803 2529 919 2586 operibus
933 2529 1050 2576 otiantem
1064 2531 1170 2577 veniens
1181 2533 1229 2580 Do-

147 2597 239 2656 quaerat
250 2596 357 2642 alienum
367 2610 373 2641 ι
384 2597 426 2643 sed
437 2597 463 2655 et
477 2597 520 2644 illa
531 2610 586 2656 quae
596 2598 673 2645 tilium
699 2593 780 2640 minus
795 2595 972 2656 deprehendat·
988 2598 1017 2642 Et
1028 2598 1085 2645 idel)
1096 2598 1169 2655 iuxta
1185 2602 1229 2647 lat·
1298 2592 1301 2600 ⁶

146 2679 196 2713 non
206 2667 325 2725 peremit,
336 2666 489 2724 periclitatur
497 2680 555 2727 suo;
566 2669 624 2726 quia
632 2669 674 2726 J'u-
699 2675 753 2720 geru
762 2677 862 2723 operare
871 2665 936 2710 diem
944 2666 970 2711 ιιι
979 2665 1034 2723 die,
1045 2667 1070 2712 et
1079 2668 1131 2713 esto
1140 2669 1229 2728 spiritu

147 2734 206 2781 dicii
216 2735 292 2780 haeret
302 2734 405 2781 incerto.
699 2731 819 2792 ferventi,
836 2734 861 2781 et
871 2735 953 2781 labore
965 2734 1090 2794 pervigili.
1102 2737 1153 2783 Nec
1165 2739 1229 2784 otio·

176 2803 214 2848 di.
224 2803 283 2859 Ergo
295 2802 319 2847 et
330 2813 386 2859 rios,
397 2813 428 2847 ne
440 2803 509 2860 quasi
519 2803 672 2862 imperfecto·
698 2813 750 2846 sum
763 2801 840 2860 illud,
854 2803 912 2861 qnia
923 2803 1040 2862 scriptum
1054 2803 1093 2850 est
1104 2815 1111 2848 τ
1123 2807 1227 2854 sabbato

146 2881 202 2915 rum
212 2871 326 2928 parentes
337 2880 438 2927 operum
452 2871 493 2916 aut
503 2870 593 2928 judicii
603 2873 670 2933 dies,
698 2867 831 2916 ltumiliubis
842 2873 948 2917 animam
963 2874 1029 2918 tuum
1041 2885 1049 2916 .·
1063 2871 1089 2916 et
1099 2873 1160 2930 quia
1171 2886 1228 2933 sep·

146 2937 189 2983 aut
202 2937 287 2982 mortis
302 2937 426 2996 inveniat,
445 2940 559 2997 parvulos
577 2941 671 2987 nostros
698 2935 806 2992 tuaginta
825 2937 895 2983 annis
913 2940 1017 2997 populus
1036 2938 1062 2984 iu
1082 2940 1227 2999 captivitate

145 3005 266 3052 ablactare
275 3017 442 3064 properemus.
453 3008 595 3055 ablactatus
605 3010 671 3056 isaac
697 3003 806 3064 duravit,
827 3004 887 3052 tunc
905 3007 995 3053 violata
1014 3007 1116 3065 religio,
1137 3009 1226 3057 obtrita

145 3086 194 3120 nou
210 3073 257 3120 tuit
280 3086 364 3120 somno
381 3075 466 3121 matris
487 3076 622 3136 obnoxius3
643 3080 669 3125 et
696 3072 811 3132 libertas,
823 3075 942 3134 pudicitia
950 3075 1088 3122 vulnerata.
1097 3077 1161 3136 Ergo
1169 3078 1226 3125 tunc

145 3141 201 3188 ideo
215 3142 315 3200 epulum
332 3154 445 3200 magnum
463 3144 580 3191 exhibuit
594 3145 670 3191 Abra·
696 3141 740 3186 tibi
755 3142 922 3200 emigrandum
939 3155 972 3189 ex
986 3143 1032 3188 hac
1045 3143 1111 3202 vita,
1128 3146 1226 3203 qnando

144 3210 215 3268 ham,
232 3209 326 3269 quando
339 3211 471 3258 ablactavit
482 3212 571 3259 tilium.
583 3213 669 3260 Ablas-
696 3208 798 3256 virtutes
808 3210 903 3270 vigent,
913 3211 974 3257 vitia
982 3210 1079 3270 captiva
1089 3214 1148 3259 sunt
1159 3226 1166 3259 ι
1177 3226 1227 3260 non

144 3279 208 3324 tatus
220 3278 300 3325 David
312 3279 500 3326 retributionem
516 3280 604 3326 animm
620 3291 669 3327 suae
693 3277 789 3335 quando
798 3279 893 3337 captiva
905 3279 942 3325 est
952 3278 1046 3336 anima,
1058 3279 1130 3338 vigor
1141 3284 1167 3329 et
1177 3282 1228 3328 vim

143 3346 237 3404 sperat3
253 3346 378 3392 nonenim
393 3347 420 3393 ut
430 3347 570 3394 Corinthius
581 3347 607 3392 in
617 3348 668 3405 pri·
694 3347 732 3392 tus
750 3347 820 3393 vacat
838 3346 959 3407 corporis,
981 3347 1007 3394 et
1024 3349 1127 3406 peccata
1145 3350 1227 3398 domi-

142 3413 314 3471 mordioiidci,
326 3427 387 3461 escae
397 3415 476 3460 adhuc
488 3415 609 3462 invalidus
619 3416 669 3463 tor·
693 3413 789 3460 uantur.

143 3479 198 3525 liori
206 3514 214 3539 ,
221 3482 388 3540 lactepotatur
397 3494 404 3526 s
413 3481 455 3528 sed
463 3481 513 3539 jam
521 3494 584 3539 pane
591 3485 667 3531 solido

140 3547 667 3608 firmatnsinplcnitudinemperlectaeaetatis

140 3617 287 3664 adoleverat.
298 3617 668 3678 Ergouonsatisestcuragene-
722 3619 761 3666 56.
773 3622 947 3683 Etpropbetiae
958 3623 1114 3682 veraseries,
1125 3625 1226 3674 etinte-

139 3685 222 3741 randi‚
233 3685 280 3730 nisi
274 3685 400 3743 s'uppetat
412 3685 520 3733 efficacia
530 3688 664 3735 nutriendi.
691 3701 733 3746 gra
745 3702 816 3736 causa
825 3692 947 3751 mysterii,
960 3693 1023 3752 quod
1034 3694 1059 3738 et
1071 3693 1168 3752 captivi
1178 3695 1223 3741 Ju-

169 3751 220 3798 δι
231 3752 316 3810 ltaque
336 3753 361 3798 ct
380 3752 426 3799 tibi
444 3755 566 3814 tamquam
585 3758 665 3804 blaciae
692 3757 737 3803 daea
747 3759 872 3805 secundo
865 3772 891 3805 ιιι
902 3761 1074 3819 Babylonram
1085 3763 1225 3821 Assyriam·

140 3817 241 3864 verbum
252 3820 297 3864 Der
309 3823 401 3866 crescat
408 3822 546 3879 sapientia
557 3824 582 3868 et
593 3824 664 3870 aetate
691 3838 738 3882 que
760 3826 893 3884 ducentur,
917 3829 1007 3887 captivi
1031 3828 1056 3874 in
1077 3827 1130 3875 toto
1151 3832 1224 3876 erunt

139 3884 257 3942 proficiat.
272 3886 341 3942 Quod
357 3888 445 3946 itast
464 3889 484 3934 si
500 3890 583 3935 omnia
600 3890 664 3936 dicta
691 3893 762 3951 orbe,
781 3894 839 3953 qnia
854 3897 1007 3954 negaverunt
1022 3896 1176 3943 christum.
1197 3898 1223 3944 et

139 3950 256 4006 lustatrac
250 3965 276 3997 m
290 3955 360 4001 corde
372 3956 508 4012 custodias
517 3969 563 4002 nec
577 3969 665 4005 senec·
690 3959 844 4007 Hierusalem
865 3976 919 4021 quae
941 3963 1055 4021 uidetur,
1076 3964 1107 4009 ab
1133 3964 1222 4010 hostili

139 4018 198 4067 tulis
211 4020 308 4079 tempus
318 4022 467 4081 exspectes:
486 4023 550 4070 sod
544 4036 570 4070 m
584 4025 662 4084 prima
690 4028 801 4076 exercitu
815 4030 957 4089 calcabitur,
968 4030 1112 4078 cadentibus
1127 4031 1223 4080 ludaeis

692 3523 719 3562 V.
728 3526 758 3563 ιι,
768 3525 793 3564 Ει
801 3527 931 3576 eruntsigna
940 3528 962 3566 in
974 3529 1016 3567 sole
1025 3532 1044 3566 et
1057 3529 1111 3567 luna
1120 3534 1143 3569 οι
1154 3533 1225 3573 stellis.
