2752 4814
67 389 119 463 m.
460 386 580 431 SANCTl
597 385 756 429 AMBROSH

66 472 172 520 bominis
187 471 254 518 actus
269 481 318 516 uon
345 480 431 516 curare
451 467 594 525 Dominum,
620 466 668 512 sibi
681 464 819 526 impositam
834 475 963 524 porsonam
976 463 1071 510 dicere.
1084 462 1153 520 erod

66 541 110 587 aut
120 537 215 586 nescire
228 550 286 584 eum
297 535 356 596 quid
371 537 396 583 in
412 537 515 584 occultis
525 547 595 595 gera·
618 548 726 596 eousque
743 535 838 582 l'ullius
861 534 989 594 probavit,
1005 535 1035 580 ut
1055 534 1108 593 ipse
1128 535 1153 578 iu

66 620 134 665 runs,
152 605 212 665 quid
232 606 317 653 teneat
330 605 412 652 nostra
427 603 593 651 couscientia:
618 605 689 651 libris
709 616 770 664 quos
787 603 886 663 scripsit
906 603 938 650 de
956 603 1110 662 Republica,
1128 602 1153 647 in

67 676 109 722 aut
121 674 243 733 iudicium
261 674 315 731 ejus
335 685 487 732 nequaquam
501 671 594 730 iustum
619 687 673 721 eam
683 673 832 722 sententiam
843 671 975 720 dicendum
983 671 1123 730 putaverit.

67 743 171 800 videri,
200 741 298 802 quando
328 741 470 800 peccatores
501 740 595 787 divitiis
648 740 687 789 tt.
706 743 802 800 Quanto
820 741 944 801 antiquior
959 740 1010 788 illis
1030 739 1093 798 lob,
1110 739 1164 804 qui.

67 812 191 860 abundare
208 811 306 869 vident,
318 811 424 870 gaudere
445 810 595 868 honoribus,
619 811 671 857 baec
691 811 788 870 primus
807 809 917 869 reperit,
935 821 982 856 nec
1003 808 1154 867 eloquentiae

68 879 187 938 sanitate,
197 880 299 927 liberis:
312 880 396 926 contra
411 880 508 935 autern,
517 878 595 936 justos
619 879 775 938 phalerandae
794 879 886 938 gratia,
904 878 949 926 sed
967 876 1083 926 veritatis
1097 889 1154 937 pro-

68 949 154 1007 inopes
164 948 267 1007 degere,
279 947 423 1005 inhonoros,
434 946 487 993 sine
497 946 594 1004 liberis,
619 948 714 1006 bandae,
721 947 892 1006 praemittenda
897 945 1030 994 esumsvlt
1038 945 1154 994 tStatim-

67 1014 177 1062 lssfirmos
188 1027 301 1074 ⁰⁰¹'ll0r02
317 1015 386 1062 luctu
397 1013 529 1073 frequenti.
619 1031 667 1077 que
679 1018 732 1077 ipse
742 1017 903 1077 quaestionem
914 1016 1019 1063 enodem
1030 1014 1153 1075 reddidit,

95 1082 134 1132 tl.
145 1085 194 1131 Nec
205 1083 338 1130 mediocris
349 1095 378 1130 ea
388 1083 507 1142 quaestio,
519 1094 596 1142 quan·
619 1085 753 1143 subjiciens
778 1084 844 1144 quod
868 1084 1030 1143 extinguatur
1051 1085 1153 1131 lucerua

67 1154 200 1214 doquidem
215 1156 265 1201 tres
286 1154 323 1200 illl
350 1159 420 1213 reges
440 1152 515 1200 amici
536 1151 594 1212 lob,
619 1150 889 1212 impiorum‚ctfutura
897 1151 930 1198 sit
938 1151 1151 1198 eorumerersio:

67 1223 198 1282 propterea
210 1235 267 1270 eum
286 1221 595 1282 peccatorempronuncia·
619 1234 668 1269 non
692 1220 746 1267 falli
766 1222 846 1267 Deum
870 1218 995 1268 doctorem
1022 1219 1153 1279 sapientie

67 1292 140 1352 bant,
162 1293 219 1352 qula
238 1292 337 1351 inopem
359 1291 451 1338 iactum
462 1290 595 1349 exdirite,
621 1291 646 1336 et
662 1289 813 1348 discipliuae,
830 1288 873 1336 sed
889 1301 942 1336 esse
957 1288 1074 1336 ueritatis
1087 1289 1153 1347 jndi-

68 1362 179 1408 orbatum
195 1361 281 1407 liberis
303 1373 337 1406 ex
354 1358 469 1406 ioecundo
480 1359 595 1418 parente,
621 1370 674 1404 cem
690 1370 697 1402 a
716 1357 742 1404 et
753 1357 810 1405 ideo
820 1368 869 1404 non
880 1355 1019 1404 secuudum
1031 1356 1152 1404 sorensem

68 1429 196 1488 perfusum
219 1428 358 1487 ulceribus,
378 1428 596 1487 inhorrentemque
621 1425 796 1473 abundantiam
822 1424 992 1472 estimandum
1013 1426 1154 1474 beatitudi-

68 1496 210 1555 vibicibus,
227 1495 355 1543 exaratum
371 1496 516 1544 vulneribus
531 1507 597 1542 aea·
621 1507 677 1540 nem
698 1495 863 1556 singulorum
890 1493 935 1541 sed
956 1495 1097 1542 secundum
1117 1496 1154 1542 iu-

69 1566 121 1625 pite
135 1577 214 1625 usque
233 1565 264 1611 ad
278 1566 355 1626 pedes
364 1564 491 1613 ridebant.
503 1565 597 1622 Quibus
621 1563 736 1609 teriorcm
754 1563 945 1623 conscientiam,
963 1576 1020 1622 quae
1036 1565 1153 1612 innocen·

70 1634 595 1695 bancsanctuslobproponitadsertionem:
621 1632 685 1678 tium
703 1633 729 1679 et
750 1632 926 1692 flagitiosorum
947 1633 1039 1680 merita
1062 1634 1152 1682 discer-

70 1702 96 1749 si
108 1715 152 1762 ego
162 1706 262 1764 propter
271 1706 372 1764 peccata
381 1716 437 1751 mea
447 1702 500 1751 baec
508 1704 597 1763 patior,
622 1700 671 1759 nit,
690 1702 841 1761 versatque
863 1701 1005 1760 incorrupta
1024 1714 1152 1762 poeuarum

70 1774 120 1820 Gur
130 1772 597 1832 inimicissimilnoctcrcrcmntaulcm,
622 1768 827 1828 praemiorumque
846 1768 946 1816 arbitra.
962 1769 1067 1817 Moritur
1084 1771 1153 1817 inno-

69 1843 93 1888 cl
105 1843 132 1887 in
148 1843 231 1890 divitiis
242 1855 319 1890 semen
333 1854 414 1889 eorum
422 1843 546 1888 secundum
557 1855 597 1888 vo·
623 1849 680 1885 cens
702 1837 729 1884 in
751 1837 871 1897 potestate
897 1837 1066 1897 simplicitatis
1090 1852 1152 1897 sum,

70 1910 195 1967 tentatam,
214 1911 257 1968 filis·
272 1923 353 1958 emm
372 1911 398 1956 in
420 1911 598 1967 oculis,r10mu3
622 1904 806 1952 inabnndautia
817 1905 1154 1966 propriaevoluntatimsicut

68 1980 172 2038 ipsoram
193 1979 331 2036 abundant,
355 1979 426 2025 timor
438 1974 528 2025 ‘onum
541 1991 598 2026 aas·
622 1974 695 2033 adipe
704 1975 825 2034 repletam
834 1974 940 2020 animam
949 1987 1047 2034 gerens.
1056 1977 1087 2024 At
1096 1989 1154 2024 vero

70 2060 141 2106 quam
152 2062 161 2093 .·
171 2048 299 2107 Flcqellum
314 2048 393 2095 uatem
407 2061 424 2095 a
433 2048 535 2096 Domino
550 2060 598 2094 oon
623 2045 751 2103 peccator,
763 2044 875 2104 quamuis
885 2043 944 2090 ioris
954 2044 1077 2105 abundet,
1092 2047 1155 2093 dcli-

70 2117 103 2163 est
116 2117 142 2162 io
152 2117 215 2175 ipsis.
623 2113 668 2160 ciis
690 2113 800 2173 diitluat,
822 2114 848 2161 et
866 2113 982 2160 odoribus
999 2112 1107 2174 fragret,
1127 2115 1154 2162 in

100 2179 140 2229 ὁὶ.
156 2183 214 2229 Haec
228 2181 315 2231 videus
332 2183 443 2232 infirmus
454 2184 526 2232 corde
535 2197 598 2243 exa·
623 2183 789 2230 amaritudine
804 2183 891 2230 animae
902 2196 953 2230 suae
967 2183 1044 2232 uitam
1060 2186 1155 2244 erigit,

71 2247 171 2308 qitatur,
180 2251 206 2296 ct
214 2251 322 2298 studium
332 2253 422 2299 avertit
433 2264 514 2298 suum.
525 2251 598 2309 Cujus
623 2251 648 2297 ct
659 2251 775 2297 ultimum
791 2251 857 2304 diem
869 2250 975 2307 claudit,
990 2251 1052 2296 nibil
1067 2264 1155 2299 secum

71 2315 181 2364 dicturus
195 2329 333 2377 sermones,
348 2319 405 2365 ante
423 2319 521 2366 sanctus
535 2332 598 2378 prae-
623 2331 707 2365 corum
718 2332 772 2378 quae
784 2321 898 2379 epulatus
908 2319 995 2378 fucrit,
1012 2319 1071 2364 boni
1083 2320 1153 2367 reie-

68 2384 450 2446 misitlob,dicens:Portateme
457 2418 465 2444 ,
474 2390 598 2447 cquantcm
622 2398 679 2434 rens
691 2399 698 2432 a
711 2388 775 2433 nibil
784 2401 867 2435 secum
875 2387 1001 2448 auferens,
1010 2386 1061 2436 uisi
1072 2381 1156 2436 scele-

69 2453 597 2516 loquar,detoderidctcmc.Nomctsiorqcor,
622 2466 678 2501 rum
687 2469 786 2502 suorum
794 2458 883 2516 pretia.

4 2564 7 2571 .
69 2523 212 2582 quasibomo
222 2528 598 2585 orqoor.l>orlateerqoonaescr-
651 2523 691 2570 lb.
709 2526 767 2572 llaec
779 2527 886 2584 cogitans
896 2539 974 2587 nega,
986 2527 1006 2574 si
1017 2528 1105 2587 potes,
1117 2529 1155 2575 di-

69 2604 166 2639 momrm
191 2607 305 2640 meorum.
325 2594 442 2640 Dicturus
463 2593 529 2640 enim
544 2608 597 2642 snm
624 2594 676 2640 vini
692 2594 842 2652 esseiudicii
853 2597 1092 2644 remunerationem.
1111 2600 1153 2645 llle

69 2659 134 2718 quod
145 2673 193 2706 non
201 2661 276 2721 probo
288 2674 295 2706 ε
308 2662 351 2708 sed
359 2661 390 2708 ad
400 2662 598 2722 vosredergucn-
622 2674 666 2709 suo
681 2663 770 2710 affectu
781 2658 883 2725 beatus,
894 2665 936 2711 bie
948 2665 1024 2713 miser
1038 2680 1045 2712 :
1057 2666 1101 2722 ille
1112 2680 1155 2714 suo

70 2729 113 2776 dos
133 2729 256 2788 proteram
272 2743 397 2777 sermones
423 2731 527 2789 iniquos.
551 2734 598 2780 Aut
620 2729 714 2787 judicio
733 2733 874 2792 absolutus,
894 2734 936 2782 hic
955 2747 1012 2782 reus
1033 2746 1041 2780 a
1063 2736 1107 2782 ille
1129 2737 1154 2782 in

69 2798 149 2856 certe3
165 2798 223 2857 quia
234 2797 269 2843 ita
280 2799 492 2858 estversueroid
502 2801 597 2847 autem?
623 2799 693 2846 exitu
705 2801 790 2860 laetus,
808 2802 849 2849 bic
866 2807 982 2851 rnoerens.
998 2804 1045 2851 Cui
1062 2806 1155 2853 absolui

68 2866 189 2924 Numquid
202 2864 232 2911 ab
246 2865 338 2911 bomine
352 2865 457 2925 arqoor?
480 2867 526 2913 boc
546 2871 596 2929 est,
621 2872 716 2929 potest,
733 2872 776 2931 qui
790 2884 837 2919 nec
851 2873 899 2920 sibi
910 2873 1030 2920 innocens
1041 2872 1094 2922 esti
1111 2875 1154 2920 Di-

69 2932 142 2978 bomo
156 2945 257 2979 menon
275 2933 355 2992 potest
376 2934 523 2993 redarguere
539 2937 597 2996 quia
623 2939 685 3000 cite,
705 2942 895 3003 inquit,.mibi‚
915 2945 960 2990 ubi
978 2943 1016 2991 est
1034 2945 1154 3005 protectio

68 2998 539 3079 peccaui‚etsiarguidiqnussumquia
547 3018 597 3051 uon
622 3012 837 3058 tabernaculorum
848 3013 917 3071 ejus?
927 3013 1030 3073 Signum
1042 3015 1096 3073 eins
1106 3027 1154 3061 nou

70 3081 102 3115 ex
122 3069 232 3115 evadenti
245 3069 317 3128 culpa
327 3081 368 3116 me
383 3071 498 3131 arguitis,
510 3073 553 3120 sed
565 3086 597 3121 ex
622 3079 774 3126 invenietur.
787 3081 843 3127 Vita
855 3082 948 3128 etenim
964 3082 1112 3142 facinorosi,
1127 3086 1154 3129 ut

68 3136 166 3195 injuriis
188 3136 313 3184 aestimatis
328 3139 418 3186 merite
443 3140 596 3190 delictorum.
622 3148 752 3193 somnium.
765 3149 867 3208 Aperuit
877 3151 973 3208 oeulos,
989 3151 1105 3198 transivit
1115 3164 1155 3197 re-

68 3204 160 3251 Videns
168 3216 225 3264 ergo
237 3205 347 3254 infirmus
357 3208 480 3266 abundare
494 3209 597 3268 injustos
621 3215 692 3273 quies
710 3215 777 3273 ejus,
797 3216 898 3264 evanuit
917 3217 1050 3264 delectatio
1069 3232 1076 3264 ε
1094 3218 1154 3265 licet

68 3275 361 3335 successibusprosperis,
374 3280 490 3325 seautem
502 3280 595 3342 adteri,
622 3283 675 3343 ipsa
691 3297 745 3344 quae
757 3285 865 3345 videtur,
883 3286 959 3333 etiam
975 3287 1036 3334 dum
1052 3288 1153 3346 vivunt,

69 3340 129 3388 dicit
143 3343 246 3390 Domino
256 3354 264 3389 a
276 3346 370 3392 Discede
384 3360 461 3404 acic,
473 3349 524 3395 vias
543 3351 597 3399 luas
623 3352 754 3412 impiorum
778 3355 879 3412 requies
894 3356 922 3401 in
938 3353 1038 3404 interno
1054 3353 1100 3417 sit,
1117 3357 1154 3405 vi-

68 3411 192 3486 scircnolo.
199 3411 264 3469 Quid
268 3412 443 3474 prodest,qnia
450 3415 596 3467 servivimus
621 3420 708 3467 ventes
718 3421 784 3468 enim
795 3422 822 3469 in
837 3423 934 3471 interna
944 3423 1110 3474 dcscenduuts

68 3476 132 3537 ipsi:
144 3479 365 3540 autquaeutilitas,
374 3482 432 3541 quia
446 3486 596 3534 occurrimus
648 3488 687 3534 lo.
693 3489 767 3535 Vides
775 3490 917 3537 convivium
925 3492 1071 3552 peccatoris,
1077 3493 1154 3541 inter·

69 3545 132 3606 ipsi?
142 3549 171 3594 ln
181 3548 294 3596 manibus
305 3549 413 3608 ipsorum
425 3555 507 3600 omnia
519 3556 594 3616 bona,
620 3569 677 3616 roga
688 3558 864 3606 conscientiam
878 3561 939 3619 ejus.
958 3562 1045 3609 Nonne
1055 3564 1154 3622 qravim

69 3625 143 3674 opera
157 3618 239 3664 autem
252 3616 384 3677 impiorum
398 3632 447 3667 non
460 3622 539 3674 videt.
592 3675 595 3681 ,
620 3626 733 3673 omnibus
745 3626 815 3675 [oetet
826 3628 962 3688 sepulcris?
973 3630 1082 3678 latueris
1091 3632 1154 3680 laeti-

39 3716 41 3721 .
97 3681 136 3731 43.
158 3685 280 3732 Laudatur
302 3687 329 3733 in
347 3689 460 3749 Platone,
482 3693 548 3751 quod
569 3694 595 3740 in
622 3694 681 3740 tiam
693 3694 762 3753 eius,
775 3695 799 3742 et
810 3697 978 3744 salubritatem
989 3698 1091 3745 miraris
1102 3711 1154 3746 cor-

68 3749 155 3799 Politia
165 3764 208 3800 sua
220 3756 316 3815 posuit,
328 3769 384 3804 eum
395 3759 438 3819 qui
450 3763 533 3808 contra
546 3761 595 3818 ins·
621 3763 686 3821 poris
706 3764 813 3810 tiliorum
835 3764 908 3825 atque
929 3778 1004 3825 opum
1027 3767 1154 3815 abundau-

69 3816 150 3865 titiam
174 3821 314 3882 disputandi
339 3826 421 3884 partes
448 3830 594 3888 recepisset,
620 3831 680 3877 tiam
707 3846 713 3878 ε
742 3832 875 3892 introspice
900 3835 984 3881 ulcera
1009 3835 1037 3882 et
1058 3835 1154 3884 vibices

69 3885 191 3943 postulare
214 3892 312 3938 veniam
333 3893 454 3941 dictorum
471 3908 527 3953 quae
547 3909 595 3943 non
621 3901 709 3947 anirnae
725 3901 791 3960 eius,
808 3903 834 3949 et
849 3902 929 3951 cordis
945 3903 1154 3958 moestitudinem.

35 4014 42 4018 1
71 3952 197 4034 probaret,
230 3960 256 4006 et
280 3961 334 4008 veri
352 3961 500 4010 inveniendi
522 3964 595 4023 atque
620 3970 679 4015 Nam
690 3970 721 4017 de
734 3972 823 4031 opibus
833 3973 892 4032 quid
904 3971 1076 4035 loquar,cum
1087 3978 1168 4037 lege-⁸

73 4026 238 4078 ..arammaudae
246 4027 420 4089 disputationis
428 4032 595 4094 gratinidus
623 4037 669 4084 ris:
681 4041 826 4100 Quianooin
836 4042 1152 4110 cormariacensem,
