2760 4808
211 404 243 450 80
603 405 728 450 saric'rl
743 404 907 451 amenesii

211 485 241 531 od
247 484 345 531 salntem
349 498 358 544 ,-
369 482 427 545 quia
436 483 527 532 allevat
534 483 629 545 pondus
640 485 737 544 erroris,
798 487 852 534 250.
867 483 979 534 Occurrit
994 484 1039 535 tibi
1057 484 1098 549 (v.
1109 487 1140 536 20
1147 521 1156 548 ,
1170 486 1197 537 El
1206 487 1232 551 ),
1250 491 1294 551 qul

210 551 319 610 quisquis
330 551 383 612 ipse
393 566 419 599 sc
431 554 515 601 onerat
525 567 531 598 ι
542 553 567 600 et
577 554 738 601 accusationis
762 555 831 601 audit
846 554 872 601 te
888 554 952 601 intra
969 554 1060 603 mentis
1075 557 1172 606 secreta
1186 558 1295 606 tractan-

210 620 321 667 oxcludit
343 622 461 668 invidiam
474 655 481 682 ,
506 624 549 682 qui
573 625 737 671 accusatorem
762 625 820 672 tem.
832 625 861 671 Et
871 636 928 672 cum
939 624 1101 684 adbuciongs
1113 627 1161 685 sis,
1171 627 1257 688 videt,
1268 630 1295 677 et

196 729 198 731 ,
209 690 329 746 praevenit
339 690 475 738 confitendo
485 704 492 736 r
501 695 580 738 dusius
587 694 649 739 enim
657 695 681 739 in
687 695 737 751 pri·
761 691 879 738 adcurrit.
887 691 960 738 Videt
971 692 998 737 in
1008 693 1108 751 pectore
1117 693 1160 740 tuo
1165 727 1174 752 ,
1183 695 1295 742 adcurrit

208 759 297 804 mordio
309 763 422 807 sermacia
433 764 554 808 aecusator
565 764 597 809 est
608 764 652 808 sui.
664 762 736 807 Erus-
761 773 792 806 ne
801 761 856 819 quis
865 760 993 818 impediat,
1000 763 1172 820 complectitur
1183 775 1292 822 quoquea

209 829 246 871 tra
258 827 340 873 antem
353 828 417 875 velis
431 829 568 887 occultare,
584 841 658 888 quem
672 829 735 875 nibil
761 827 787 873 in
795 841 897 874 occursu
904 829 1057 886 praescientia
1064 829 1116 887 est,
1125 830 1152 875 iu
1161 831 1293 889 complexu

208 892 278 940 fallat
294 906 302 940 a
319 895 343 941 et
359 897 412 942 sinc
427 897 538 957 periculo
552 897 655 955 prodas,
671 898 736 956 quod
761 897 908 955 clementia,
919 896 1131 956 ctquasiquidam
1141 899 1216 958 patrii
1227 911 1294 946 ame

208 963 270 1010 scias
280 976 332 1010 esse
342 964 393 1021 jam
406 965 541 1023 cognitum.
551 965 670 1012 Confitere
683 977 735 1010 ma·
760 964 794 1010 ris
805 963 917 1011 arrectus.
929 965 1006 1023 Supra
1019 965 1108 1012 collum
1120 967 1199 1024 cadit,
1210 969 1240 1013 ut
1253 967 1292 1024 ja-

208 1032 255 1090 gis,
263 1033 290 1079 ut
298 1034 446 1081 interveniat
454 1035 528 1092 prote
538 1035 734 1093 Christus,quem
761 1032 857 1078 centem
873 1033 964 1091 erigat,
980 1033 1006 1079 et
1021 1035 1148 1079 oneratum
1164 1035 1291 1093 peccatis,

207 1100 351 1148 advocatum
358 1102 476 1149 habemus
482 1103 546 1161 apud
553 1105 660 1149 Patrem:
669 1104 735 1160 roget
760 1101 832 1158 atque
843 1100 870 1146 in
881 1101 980 1146 terrena
993 1100 1119 1147 deflexum
1129 1101 1244 1150 reflectat
1260 1103 1292 1150 ad

208 1179 252 1224 pro
262 1167 287 1214 le
298 1168 417 1228 Ecclesia,
430 1169 454 1215 et
466 1169 605 1228 illacrymet
620 1170 733 1227 populus.
760 1170 861 1227 coelum,
872 1171 897 1215 in
909 1182 957 1227 quo
967 1183 1038 1216 suum
1048 1170 1142 1229 quaerat
1153 1174 1290 1220 auctorem·

208 1236 256 1282 Nec
267 1250 368 1284 vereare
383 1250 415 1284 ne
428 1250 477 1284 non
488 1238 614 1296 impetres.
626 1238 736 1284 Advoca-
759 1236 828 1282 Cadit
840 1237 864 1283 in
877 1238 966 1284 collum
978 1240 1049 1284 tuum
1059 1238 1185 1298 Christus3
1198 1241 1226 1287 ut
1236 1252 1291 1286 cer-

207 1307 735 1366 tusspondetveniam,patronuspromittit
760 1304 839 1351 vicem
853 1307 911 1365 jugo
931 1307 1005 1352 exuat
1020 1307 1162 1365 servitutis,
1181 1307 1208 1354 et
1226 1309 1290 1355 collo

207 1375 308 1431 gratiam
315 1406 324 1432 ‚
335 1376 559 1422 reconciliationem
573 1376 619 1422 tibi
634 1377 735 1435 palerna
759 1372 801 1417 1110
811 1373 896 1430 jugum
907 1386 981 1420 suave
993 1374 1135 1433 suspendat·
1146 1375 1230 1421 Nonne
1242 1374 1289 1421 tibi

206 1440 285 1498 pietas
296 1443 438 1502 pollicetur3
451 1443 566 1489 adsertopi
578 1443 665 1501 crede,
677 1445 733 1503 quia
759 1439 857 1486 videtur
871 1441 989 1488 cecidisse.
1005 1442 1033 1488 in
1049 1443 1140 1488 collum
1154 1438 1289 1500 Iohannis,

206 1510 298 1555 veritas
308 1512 346 1557 est
356 1524 363 1556 ι
375 1512 505 1570 adquiesco
513 1512 588 1571 ,quia
598 1511 677 1558 virtus
687 1512 732 1557 est.
758 1508 853 1562 quando
863 1511 914 1555 erat
922 1511 1044 1557 lohannes
1052 1511 1079 1556 in
1087 1512 1142 1557 sinu
1149 1512 1222 1570 iesu,
1234 1509 1289 1558 ccr-

207 1575 286 1623 ilabet
296 1589 393 1637 causam
403 1582 431 1625 ut
439 1592 482 1638 pro
493 1581 517 1626 te
525 1579 689 1636 interveniat,
701 1591 733 1626 nc
757 1576 812 1623 vice
828 1580 973 1625 recumbens
989 1579 1098 1626 relicua?
1113 1580 1142 1626 ut
1158 1580 1215 1627 idco
1228 1581 1289 1626 Ver·

206 1655 249 1701 pro
257 1645 282 1691 te
292 1646 366 1704 gratis
376 1647 485 1693 mortuns
496 1647 536 1694 sit.
548 1647 628 1693 Habet
635 1659 733 1693 causam
757 1646 816 1691 bum
826 1647 891 1704 apud
900 1648 980 1693 Deum
992 1647 1068 1706 vidit3
1077 1648 1134 1707 quia
1143 1649 1241 1695 erectus
1251 1648 1289 1695 est

206 1712 349 1771 ignoscendi
359 1717 437 1775 Pater,
448 1715 506 1774 quia
513 1715 579 1775 quod
588 1716 643 1764 vult
652 1716 731 1776 iilius,
758 1714 788 1760 ad
796 1727 909 1774 superna.
919 1715 987 1762 Cadit
995 1715 1021 1761 in
1030 1717 1134 1774 collum,
1145 1728 1201 1763 cum
1212 1716 1287 1763 dicits

205 1781 260 1829 vult
270 1783 385 1830 etPaier.
758 1785 839 1831 Venite
857 1785 887 1829 od
906 1797 943 1831 me
960 1786 1000 1842 qui
1013 1784 1184 1832 laboratis...
1205 1787 1227 1832 et
1246 1798 1288 1844 eqo
1335 1811 1338 1814 ·

235 1850 397 1902 226.Peccooi
411 1857 436 1901 io
453 1855 549 1914 ooelum,
564 1857 586 1904 et
604 1869 685 1903 coram
701 1859 731 1904 le.
756 1865 796 1899 eos
811 1853 913 1909 reficiam
925 1867 933 1899 :
946 1854 1015 1899 tollite
1026 1853 1111 1913 juqram
1126 1866 1204 1900 meam
1218 1866 1289 1913 super·
1347 1851 1350 1857 ’

204 1920 257 1968 Non
278 1922 363 1981 utique
384 1924 537 1972 elementum
559 1926 707 1984 exprimitur
724 1940 731 1972 r
757 1935 804 1969 oos.
821 1921 889 1969 Cadit
904 1933 960 1981 ergo
976 1922 1023 1969 hoc
1039 1922 1125 1982 modo,
1142 1923 1164 1970 si
1179 1934 1287 1970 conver·

205 1990 579 2050 sedpeccatoanimaecoelestia
594 1994 732 2053 significan·
757 1990 825 2038 iaris.
981 2000 984 2006 '

204 2058 246 2103 tur
261 2058 323 2104 dona
338 2061 442 2118 Spiritus
457 2063 604 2109 imminuta:
617 2064 658 2110 vel
674 2065 731 2123 quia
785 2059 840 2107 251.
854 2061 883 2108 Et
892 2059 963 2118 jubet
973 2060 1077 2121 proferri
1087 2062 1171 2110 stolam
1183 2092 1191 2119 ‚
1204 2073 1287 2108 armu-

204 2124 235 2169 ab
244 2125 311 2171 illius
320 2128 411 2183 gremio
420 2131 504 2175 matris
513 2131 667 2177 Hierusalem
677 2144 731 2191 quae
756 2127 822 2186 lum,
836 2130 1002 2175 calceamenta
1014 2127 1054 2191 (v.
1065 2128 1198 2191 anisola
1210 2130 1286 2177 amic-

204 2192 231 2238 in
242 2193 304 2239 coelo
315 2195 365 2250 est,
376 2205 425 2241 non
436 2198 543 2254 oportuit
553 2197 655 2245 deviari.
756 2198 795 2244 tus
814 2198 850 2244 est
865 2198 1010 2258 sapientiae,
1028 2213 1077 2259 quo
1095 2199 1161 2246 nuda
1177 2199 1286 2259 corporis

756 2264 1285 2325 apostolitegunt,eoquodseunusquisque

755 2332 898 2390 convolvat3
917 2332 943 2379 et
962 2333 1019 2380 ideo
1038 2335 1125 2380 stolam
1146 2329 1285 2393 accipiunt,

234 2380 288 2427 2²⁷·
300 2381 416 2459 Deliciis
432 2382 499 2429 essim
513 2395 541 2430 ὅθ
556 2385 669 2462 §liliati
681 2398 730 2464 ¹¹⁰J¹
756 2400 783 2446 ut
794 2400 901 2458 corporis
912 2401 1078 2448 infirmitatem
1093 2400 1222 2461 sapientia
1233 2400 1286 2460 spi·

205 2449 294 2508 debiti
304 2450 333 2497 ¹¹⁸
342 2450 430 2498 meliti)
439 2462 488 2498 ⁵¹1ae
498 2453 575 2512 90⁸⁸st
584 2451 730 2501 ¹¹¹1111¹l¹i³2¹⁸
755 2467 832 2514 ritalis
841 2468 932 2514 virtute
944 2469 1105 2516 convestiant.
1115 2471 1151 2516 De
1160 2468 1284 2528 Sapientia

204 2289 232 2328 V.
239 2292 269 2330 le.
277 2290 326 2329 Jam
334 2302 377 2330 non
385 2303 433 2330 sum
441 2292 519 2339 dignus
527 2296 599 2333 vocari
607 2296 665 2334 tilius
673 2301 724 2336 inus

126 2575 129 2581 .
204 2519 299 2567 idmffi·
654 2553 656 2557 ’
755 2536 1285 2586 enirndictumestrbavabitiacdoostolam

203 2609 284 2650 itidem.
294 2610 336 2651 Fac
348 2622 384 2651 me
397 2614 452 2652 sicut
462 2624 533 2653 unum
543 2615 729 2654 mercenariorum
753 2620 831 2654 suarm
847 2609 908 2666 Ergo
925 2607 986 2653 stola
1006 2607 1133 2665 spirituale
1152 2606 1285 2655 indumen·

363 2701 365 2705 ι
418 2672 518 2709 tuorum.
754 2676 824 2735 tum,
849 2677 874 2723 et
899 2676 1075 2723 vestimentum
1097 2676 1135 2724 est
1161 2677 1283 2736 nuptiale.

233 2747 287 2794 228.
295 2749 366 2795 Novit
376 2761 428 2794 esse
436 2748 576 2795 distantiam
585 2749 650 2795 inter
658 2750 729 2807 filios,
755 2746 865 2791 annulus
882 2744 941 2803 quid
959 2745 996 2791 est
1013 2745 1094 2805 aliud,
1113 2745 1162 2793 nisi
1178 2746 1284 2794 sinceras

155 2813 159 2822 “
203 2817 308 2872 amicos,
324 2817 500 2873 mercenarios,
514 2817 538 2862 ct
549 2828 631 2863 serves
646 2831 652 2861 a
665 2818 729 2864 filius
754 2814 811 2860 fidet
819 2813 1148 2873 signaculumaexpressro
1155 2815 1284 2863 veritatis?

203 2893 248 2940 per
264 2882 402 2940 lavacrum,
422 2883 515 2929 amicus
530 2896 575 2941 per
595 2884 728 2946 virtutem,
753 2881 948 2928 Calceamentum
960 2881 1043 2929 autem
1053 2881 1177 2941 Evangelii
1192 2883 1283 2941 praedi·

202 2949 368 2996 mercenarius
383 2963 427 3008 per
445 2951 567 3009 laborem,
582 2965 667 3000 servus
685 2967 729 3014 per
754 2950 818 2996 catio
834 2950 885 3008 cst;
905 2951 930 2997 et
948 2950 1004 2998 ideo
1023 2952 1117 3010 accepit
1135 2951 1282 3010 sapientiam

202 3018 325 3064 timorem.
336 3018 384 3064 Sed
399 3019 519 3066 etiamen
535 3022 613 3068 servis
624 3023 649 3069 et
663 3036 728 3070 mer-
753 3020 865 3078 primam·
877 3018 918 3066 Est
929 3020 994 3065 essim
1010 3021 1034 3066 et
1051 3020 1121 3066 allud
1137 3021 1282 3079 mystertum

203 3085 306 3132 senariis
318 3085 381 3132 fiunt
392 3088 479 3145 amici,
488 3089 559 3146 juxta
574 3091 639 3149 qnod
654 3093 728 3151 scrip.
753 3085 816 3144 quod
827 3085 918 3143 nescit,
929 3086 977 3131 nisi
992 3086 1035 3145 qui
1051 3086 1145 3145 accepit
1160 3087 1282 3132 dictorum

202 3156 255 3204 tum
266 3155 303 3202 est
313 3168 319 3200 :
331 3157 378 3203 Vos
389 3158 459 3202 amici
467 3160 513 3204 mei
522 3161 574 3206 estis
580 3191 588 3214 ‚
599 3162 620 3206 si
631 3162 728 3218 feceritis
752 3165 866 3210 8¹1⁰l¹1¹1¹s
883 3153 1049 3270 Ῐῦὒῑθΐῦῑῃίῖϋθ
1066 3155 1235 3213 signaculum,
1255 3154 1282 3203 et

201 3237 252 3284 qoae
263 3225 489 3284 cqoproecipioaobis
498 3239 506 3271 r
513 3225 728 3283 meawqicqvos
752 3222 872 3280 quoddam
886 3223 1011 3269 munimen
1025 3235 1067 3269 nm
1077 3223 1149 3270 bonae
1163 3222 1283 3270 intentio-

201 3304 284 3339 seroos.
751 3291 790 3336 nis
801 3292 825 3337 et
835 3303 921 3337 cursus
929 3289 948 3349 ⁴3
957 3292 1046 3338 necubi
1057 3292 1166 3339 offendat
1176 3291 1207 3337 ad
1218 3289 1282 3349 lapi·

230 3361 350 3409 anonam
361 3362 425 3420 apud
436 3362 659 3412 scdixitcsednon
670 3364 727 3412 satis
752 3359 807 3405 dem
824 3360 912 3418 pedem
930 3371 1016 3417 suum,
1033 3361 1059 3407 et
1076 3360 1247 3419 supplantatus
1265 3369 1281 3404 a

170 3468 171 3471 ,
201 3430 238 3478 est
253 3430 407 3489 dicere‚nisi
419 3432 450 3477 ad
465 3436 560 3490 patrem
573 3435 666 3481 venias.
680 3436 725 3481 Ubi
751 3427 846 3473 diaholo
867 3428 1003 3474 Dominicae
1024 3429 1204 3487 praedidalitlllis
1225 3425 1287 3473 ΜΗ(

199 3502 270 3549 illum
281 3499 402 3559 requiras,
418 3500 462 3546 ubi
477 3501 601 3548 irrvenias?
617 3505 725 3561 Exsurge
751 3494 817 3540 Cium
832 3494 994 3554 derelinquit·
1007 3497 1064 3543 ΠΜ
1080 3495 1120 3542 eil
1133 3494 1280 3554 praeparatio

199 3570 293 3630 primo,
307 3569 354 3615 1100
370 3569 420 3628 est,
437 3569 479 3627 qui
496 3571 583 3616 sedens
598 3572 654 3617 amq
670 3571 726 3617 (1οΓ-
751 3562 891 3621 Evangelii,
906 3563 937 3609 ad
953 3565 1089 3611 coelesiium
1106 3577 1203 3611 cursum
1218 3564 1281 3610 diri·

199 3640 301 3686 miebas.
312 3639 342 3686 Et
353 3639 409 3686 ideo
421 3638 482 3686 dicit
492 3640 618 3700 Apostolus
632 3652 639 3686 t
654 3643 725 3702 Serape
774 3691 784 3710 ι
799 3691 835 3727 Est
850 3693 912 3733 mm,
928 3695 968 3728 erc.
985 3691 1087 3738 oscorum
1106 3691 1224 3727 vernorum
1241 3691 1280 3728 ead

200 3711 346 3783 quidm-mis,
355 3713 376 3757 et
384 3723 481 3769 maroe
492 3724 508 3756 a
517 3712 624 3758 mmm
632 3712 726 3790 Iniqui-
749 3755 819 3783 sensus
835 3746 924 3782 minime
941 3747 1049 3792 expeditus
1065 3749 1175 3793 appareat,
1189 3746 1279 3783 nullum

198 3773 236 3816 tas
246 3787 272 3818 ln
283 3776 374 3823 talento
385 3778 500 3836 plumbeo
511 3778 589 3824 sedet·
599 3779 676 3836 M⁰l¹Sl
689 3778 726 3826 dl·
750 3801 853 3835 tamenin
866 3799 906 3836 hoc
919 3800 1016 3836 videmus
1028 3801 1101 3837 locum
1118 3799 1278 3843 admirationisr

200 3839 263 3885 cliui·
275 3853 281 3884 τ
296 3845 331 3888 Til
341 3850 418 3892 allieni
430 3848 467 3894 ilic
478 3850 523 3894 sia,
538 3847 635 3893 stantes
650 3848 725 3905 elegit
750 3851 785 3888 iric
794 3853 851 3888 enim
863 3852 925 3889 dubio
934 3854 1010 3900 procul
1020 3853 1045 3890 dc
1054 3855 1186 3890 sacramento
1196 3851 1280 3888 eucha-

199 3907 315 3954 fflfflsffus,
325 3910 431 3970 Exsurge
441 3927 510 3974 ergo,
520 3926 589 3961 curre
600 3915 631 3960 ad
641 3916 725 3962 Eccle,
750 3906 815 3942 risliae
830 3915 901 3942 sermo
915 3910 957 3953 esi,
972 3907 997 3943 de
1011 3916 1056 3954 quo
1067 3906 1136 3942 dedita
1149 3916 1212 3952 opera
1225 3915 1281 3952 sapa

273 3990 279 4020 =
292 3975 724 4041 oestuoaestuosus
750 3960 1096 4061 :assisinatensis
1109 3960 1280 4049 laninam

199 4043 238 4090 est
248 4042 352 4104 Spiritus
363 4046 467 4094 sauctus.
750 4066 859 4112 quenrcm.
