2752 4814
402 426 445 474 na
463 429 747 486 carsuvrnclurs,
763 432 970 479 clauserius.
1183 433 1228 482 aas
1282 404 1291 419 ’

318 534 445 590 CAPUT
461 541 514 591 lx·
558 529 560 534 ·
704 513 748 591 sed
758 515 873 574 recogita,
885 516 941 578 quia
952 524 1102 562 uurrrruno
1111 515 1229 562 sociorum

398 594 402 599 ·
703 582 875 640 impunitatem
887 579 936 630 nori
946 582 1005 630 iacit
1018 581 1158 629 criminum.
1169 583 1229 628 llam

152 646 259 697 Obiurgat
283 649 371 714 rirginis
394 657 557 701 corruptorem
582 666 677 705 eumque
703 648 728 693 ill
739 647 1230 710 SodomdeiGomorl'ila,eiilliotitlqllin-

172 704 676 802 3:2¹hfflnsfflffigriffiuielfflgeiffiaffi
702 728 758 794 que·
769 716 910 764 civitatibus
932 718 1124 765 innumerabiles
1142 717 1229 793 utique

102 845 104 848 ,
172 795 316 870 paenitentiam
325 775 676 863 amplectatur,monetapiisiremo
702 783 1229 862 lialiliabantpopun’etomnesparsterqm

171 860 245 897 „asur
256 861 281 898 aa
289 864 423 910 peccantium
435 867 677 905 murmurmurm-
701 851 833 899 111>1d1110se
859 865 959 912 corpora
980 864 1023 899 sua
1047 851 1228 908 lucraverunt,

170 916 217 974 tur,
225 915 262 962 ipsi
271 915 368 954 mdomae
376 920 396 954 et
404 919 497 956 aliarum
506 921 597 958 urbium
605 923 677 960 inoen-
702 917 780 976 igneis
796 919 916 966 imbribus
938 918 1115 976 conflagrarunt
1136 933 1143 964 l
1164 920 1229 965 solus

170 965 233 1003 (Μ
247 978 371 1016 suggerens.
382 969 409 1008 ’ἀ
421 972 585 1020 ⁰⁰¹¹ff¹¹¹i⁸¹¹⁶⁰⁶
593 975 676 1014 inimici
701 988 784 1032 autem
797 987 859 1034 Loth
868 986 898 1034 de
909 987 952 1032 illo
963 985 1103 1033 inevitabili
1114 987 1229 1034 incendio

171 1020 256 1068 ’ψη
266 1027 335 1070 ”¹⁸⁸²
702 1053 792 1113 erasit;
804 1054 862 1113 quia
873 1055 903 1101 ab
914 1055 956 1101 illa
967 1054 1119 1114 turpitudine
1132 1067 1158 1102 sc
1167 1055 1229 1102 alie·

177 1108 260 1156 59.l)e
270 1112 294 1158 te
306 1113 388 1160 autem
400 1114 617 1175 quiddicam,filio
627 1128 677 1163 ser·
701 1129 759 1164 num
767 1120 922 1178 praestiterat.

146 1177 236 1236 pentis,
248 1180 360 1228 ministro
369 1182 475 1241 diaboli,
486 1183 604 1230 violatore
612 1185 677 1230 tem·
730 1183 885 1234 ii.lixolude
902 1198 959 1246 ergo
969 1189 1012 1235 rel
1025 1200 1109 1248 nune,
1123 1188 1228 1248 infelix,

88 1308 92 1314 1
146 1246 181 1303 pli
190 1246 236 1293 Dei
248 1260 255 1292 a
267 1248 347 1307 quiin
354 1261 404 1296 uno
412 1251 504 1297 scelere
514 1251 562 1298 duo
573 1252 675 1299 crimina
701 1251 731 1297 de
742 1253 815 1300 corde
826 1253 868 1301 tuo
879 1253 1045 1301 blandimenta
1055 1255 1191 1314 serpentis,
1203 1255 1230 1302 ct

145 1316 302 1373 perpetrasti,
315 1316 463 1363 adulterium
472 1318 558 1377 utique
570 1319 676 1367 etsacri-
700 1319 777 1377 luctu,
789 1320 918 1368 etfletihus
929 1322 1131 1381 continuis,dum
1141 1324 1166 1369 iu
1177 1335 1229 1370 cor·

144 1381 253 1439 logium?
273 1382 434 1443 sacrilegium
458 1385 548 1445 plane,
568 1387 611 1433 ubi
633 1399 675 1434 vas
699 1399 758 1445 pore
769 1388 812 1434 tuo
822 1388 948 1436 immundo
959 1391 1040 1437 anima
1050 1390 1229 1439 illatenebross

144 1448 239 1495 Christo
255 1450 380 1509 oblatum,
399 1453 503 1499 Domino
519 1454 674 1514 dedicatum,
699 1456 825 1515 versatur,
835 1458 973 1505 remedium
988 1458 1035 1506 tihi
1045 1459 1072 1506 in
1086 1459 1126 1506 die
1143 1472 1229 1508 neces·

145 1517 256 1565 dementi
271 1518 410 1567 temeritate
419 1522 537 1581 polluisti.
549 1522 675 1570 Baltlrasar
699 1523 778 1571 sitatis
788 1525 889 1584 adquiro
899 1538 998 1586 semper
1011 1530 1069 1574 ante
1080 1528 1162 1576 oeulos
1172 1528 1228 1576 tuos

144 1598 190 1631 rex
202 1585 244 1633 illa
255 1588 442 1648 Persarumqui
451 1591 553 1648 invasis
563 1591 672 1649 Domini,
699 1591 792 1638 liabens
802 1594 911 1652 Apostoli
926 1595 1074 1642 sententiam
1087 1608 1094 1640 a
1107 1588 1230 1656 Quicum?
1286 1638 1290 1651 ,

144 1655 229 1712 ‹yuaeet
239 1667 253 1700 a
264 1656 356 1716 templo
365 1658 541 1718 Hierosolymis
552 1658 649 1707 fueraut
660 1672 672 1706 a
698 1673 738 1707 aes
747 1673 790 1708 uos
801 1665 889 1721 oportet
899 1663 1048 1723 manifestari
1059 1667 1113 1711 uate
1124 1664 1228 1713 inducat

144 1722 213 1779 patre
224 1722 278 1780 ejus
288 1723 377 1782 ablata,
388 1725 475 1773 bibere
485 1739 541 1772 cum
551 1727 603 1773 suia
613 1728 673 1774 ami·
699 1726 793 1783 Cirristi,
814 1730 840 1774 ut
857 1729 946 1787 reserat
958 1732 1114 1789 uuusquisque
1129 1727 1227 1790 proprio

146 1789 180 1835 cis
189 1791 214 1836 et
225 1792 368 1840 concubinis
382 1795 524 1853 usurparit3
536 1795 589 1854 ipsa
601 1797 673 1842 nocte
698 1797 801 1853 corporis
810 1797 849 1842 aui
867 1799 993 1844 secundum
1004 1801 1065 1857 quod
1082 1799 1162 1858 pusii,
1180 1800 1225 1846 sice

145 1859 231 1918 Augeli
246 1871 321 1906 mauu
336 1873 478 1921 percussus,
489 1863 584 1909 crudeli
595 1865 673 1910 morte
699 1861 798 1918 bouum,
810 1863 856 1910 eice
866 1865 964 1911 molum.
1081 1876 1085 1882 ’

144 1925 245 1983 punitus
256 1928 294 1975 est
303 1941 312 1994 a
322 1929 383 1987 quid
393 1930 424 1977 de
432 1931 457 1976 le
468 1929 608 1989 arbitraris,
616 1943 674 1989 per-

91 2011 94 2018 ·
145 1993 196 2040 dite
207 1995 300 2053 pariter
310 1996 336 2042 et
347 1997 469 2057 perditor,
485 1997 528 2056 qui
540 2010 583 2044 vas
600 1999 674 2045 ratio-

144 2062 226 2108 itabile
237 2066 405 2112 consecratum
417 2064 674 2123 Christo,sanctifica-
866 2045 997 2098 CAPUT*
1020 2047 1057 2097 Χ·

145 2132 198 2176 ium
212 2129 314 2210 §piritu
328 2134 419 2191 ⁸³n⁰i⁰r
436 2133 514 2212 impie
529 2134 672 2212 imis-affui
698 2156 843 2206 Advirgiuem
851 2161 929 2208 lapsam
937 2161 1027 2198 demum
1037 2160 1127 2208 rediens,
1134 2160 1225 2199 illicon·

144 2197 253 2256 polluisti
266 2200 393 2260 sacrilege,
410 2202 481 2249 attur
494 2203 612 2261 proposrtr
624 2214 672 2248 rm·
719 2212 790 2250 erraras
799 2213 900 2260 quasdam
908 2214 1038 2262 precationes
1046 2218 1066 2252 er
1078 2214 1146 2252 varios
1155 2215 1226 2262 puni-

144 2264 252 2326 metnor,
270 2269 296 2316 et
314 2269 404 2326 judicii
420 2270 498 2317 divini
519 2268 671 2317 contemtor?
717 2265 1234 2366 zzggeffiffircluseScripturishincindelectqs'

144 2333 229 2383 illelius
237 2335 319 2384 iuerat
330 2337 429 2385 omniuo
439 2338 464 2384 te
477 2349 526 2384 non
543 2336 619 2384 fuisse
629 2350 673 2383 na·

80 2461 82 2464 ¹
143 2406 203 2464 tum,
214 2418 287 2464 quarn
296 2405 330 2452 sic
337 2409 431 2466 natum,
442 2407 470 2452 ut
475 2407 500 2452 te
508 2404 555 2452 sibi
560 2405 673 2464 gehenna
725 2403 763 2452 ld.
771 2409 827 2467 Quis
837 2409 966 2462 consoletur
974 2411 995 2456 te
1000 2442 1008 2466 ,
1015 2410 1080 2468 uirpo
1091 2410 1141 2466 filia
1151 2410 1225 2468 Sion,-

143 2473 269 2532 proprium
277 2473 356 2519 filium
367 2472 512 2520 vindicaret.
697 2475 753 2532 quia
762 2487 851 2533 mapsa
861 2476 924 2534 {octa
934 2479 966 2524 cat
973 2477 1032 2523 utut
1041 2489 1108 2522 auare
1118 2477 1228 2522 contritio

174 2538 213 2587 40.
225 2542 254 2588 Et
269 2541 328 2588 licet
339 2542 425 2600 teipsa
436 2541 673 2589 conscientiascele-
697 2544 746 2586 tua.
758 2543 856 2598 litiuadc
865 2545 923 2590 sicul
942 2557 1031 2602 apuam
1041 2557 1082 2589 cor
1092 2545 1158 2590 tuum
1169 2545 1225 2590 cote

144 2606 178 2654 ris
195 2610 249 2666 agat
263 2620 309 2666 per
320 2608 416 2655 divorsa
434 2609 588 2668 praecipitem
600 2608 670 2669 (sopit
696 2607 780 2665 foderis
790 2611 888 2656 Domini
898 2625 907 2657 .·
918 2610 1011 2658 extolle
1025 2609 1124 2656 adeum
1139 2620 1225 2657 manus

144 2677 307 2736 enimimpios,
314 2679 405 2724 nemine
411 2675 606 2738 pesepueoleae),
614 2678 673 2725 licet
698 2676 750 2721 luas
761 2688 804 2734 pro
819 2677 929 2725 remedio
944 2678 1101 2736 pcccatorum
1117 2677 1224 2723 tuorum.

143 2747 169 2791 le
185 2745 244 2792 dlrae
262 2745 382 2805 imagines
402 2747 496 2806 peccati
508 2746 672 2794 dormientem
698 2741 784 2802 Accipe
804 2743 879 2803 igitur
896 2746 1044 2792 lamentum.
1068 2745 1097 2792 Et
1114 2744 1223 2802 primum

143 2825 240 2872 quoque
258 2815 430 2873 perterreant,
447 2827 498 2861 non
512 2817 591 2863 solum
608 2815 673 2876 vigi·
696 2811 796 2870 quidem
806 2813 873 2859 nullo
882 2813 922 2860 die
933 2812 1149 2874 quinquagesimus
1159 2813 1225 2872 psal-

142 2882 234 2928 lentem
245 2895 252 2941 3
264 2885 346 2929 tamen
362 2895 394 2929 ne
412 2883 471 2943 quid
488 2894 503 2929 a
520 2886 616 2943 pastore
631 2884 671 2932 ovi
697 2893 750 2926 mus
759 2880 938 2929 intermittatur
949 2895 956 2941 3
967 2883 1024 2942 quia
1035 2881 1061 2927 iu
1067 2881 1111 2928 tali
1122 2881 1223 2939 negotio

143 2951 260 2999 morbidae
286 2954 327 3000 vel
349 2954 474 3001 moriturae
498 2955 671 3001 medicaminis
696 2949 854 2997 cantatuscst
869 2951 913 2998 :et
930 2963 1007 3010 usque
1026 2950 1057 2997 ad
1072 2950 1223 2998 versiculum

141 3019 289 3078 denegatum
312 3021 361 3081 sit,
384 3022 415 3068 do
437 3023 576 3069 consilium,
600 3024 672 3070 Petas
696 3018 766 3064 illum
788 3031 796 3064 τ
817 3021 1010 3067 Cor-coutritum
1030 3023 1053 3068 ct
1073 3020 1222 3067 humitiatum

142 3089 206 3136 ultro
218 3102 341 3138 carcerem
352 3091 520 3151 poenitentiae,
535 3091 671 3152 obstringas
695 3089 814 3135 Deus'uon
823 3090 919 3152 spernit,
930 3101 987 3136 cum
995 3088 1108 3148 lacrymis
1118 3087 1223 3147 gemitu-

143 3157 236 3204 cateuis
246 3158 356 3217 viscera,
367 3160 475 3208 animam
483 3160 560 3207 ⁴tuam
571 3159 670 3218 gemiti·
694 3168 743 3216 quc
756 3169 883 3216 percurre.

143 3223 448 3286 husiejuuiisquecrucies3
456 3228 594 3275 sauctorum
601 3227 671 3286 petas
723 3223 762 3271 llll.
780 3227 882 3286 insuper
895 3227 971 3275 etiam
988 3228 1052 3275 hauc
1066 3226 1223 3276 lamentatio·

143 3295 281 3353 auxilium,
295 3297 376 3353 jaceas
392 3296 437 3342 sub
452 3296 558 3354 pedibus
577 3296 671 3344 electo-
694 3291 751 3339 nem
761 3306 810 3340 nou
824 3295 878 3341 sina
897 3295 1086 3353 compunctione
1097 3296 1178 3342 cordis
1195 3295 1222 3341 iu

142 3375 210 3419 rum;
223 3363 309 3410 utnon
324 3362 370 3409 tibi
389 3375 431 3408 cor
444 3363 606 3421 impoenitens
616 3364 672 3409 the·
695 3361 826 3417 conspectu
834 3360 880 3406 Dei
890 3361 981 3418 judicis
990 3360 1065 3406 tunde
1076 3373 1083 3404 a
1096 3363 1151 3420 Quis
1159 3361 1223 3408 dclii

142 3431 247 3478 saurizet
258 3433 319 3477 iram
330 3430 357 3476 in
368 3431 408 3477 die
419 3431 462 3478 irae
473 3431 506 3478 et.
509 3431 571 3488 iusti
580 3431 670 3488 judicii
695 3428 765 3486 capiti
780 3441 831 3474 mco
842 3442 940 3494 uquam,
950 3431 972 3476 at
983 3429 1055 3475 oculis
1065 3430 1123 3474 meio
1134 3428 1221 3488 sordem

143 3499 204 3557 liei,
219 3500 262 3558 qui
277 3499 364 3546 reddet
378 3500 514 3560 uuicuique
536 3500 670 3547 secundum
695 3496 852 3554 lacrymarum
860 3511 869 3556 ,·
878 3498 905 3544 ut
916 3496 1223 3558 delleamvulucraanimsa

144 3579 216 3626 opera
228 3566 279 3615 sua.
296 3569 345 3614 Nec
355 3568 381 3615 le
396 3568 423 3614 in
438 3581 522 3615 eorum
540 3581 669 3616 numerum
695 3564 772 3612 meaei
788 3566 903 3613 Conversi
920 3565 977 3614 sunt
994 3565 1048 3612 dies
1067 3563 1124 3611 testi
1134 3563 1184 3610 mei
1195 3563 1222 3610 iu

146 3635 285 3695 constituas,
296 3649 356 3696 quos
363 3637 432 3696 luget
440 3638 547 3684 Paulus:
560 3639 606 3698 Qui
616 3640 670 3684 ante
696 3633 799 3693 luctum,
810 3635 836 3681 ei
845 3634 939 3682 cantica
950 3634 982 3680 in·
994 3631 1196 3680 lamentationem
1211 3644 1219 3678 r

144 3706 306 3764 peccaverant,
317 3707 499 3763 elooncpcruoi
508 3706 670 3766 poeniteutiam
696 3701 797 3747 recessit
811 3712 886 3747 sonus
902 3702 1064 3760 hymnorum,
1084 3700 1109 3769 et
1132 3699 1220 3746 laetitia

144 3787 212 3832 super
221 3775 369 3820 immunditia
388 3776 409 3820 et
420 3775 573 3832 fornicatione
585 3775 607 3820 et
618 3773 671 3820 libr·-
695 3768 851 3828 psalmorum,
860 3769 885 3816 et
893 3769 1009 3816 successit
1017 3767 1222 3816 stridordentium

142 3841 233 3889 dinibus
247 3855 304 3901 quas
315 3844 440 3902 passuum.
491 3861 493 3867 ¹
696 3836 938 3885 ettletusoculorum.
948 3837 1084 3885 Obmuiuict
1092 3835 1221 3902 humiliata

173 3908 212 3956 ll.
224 3911 273 3956 llec
291 3909 337 3956 tihi
348 3909 379 3956 de
394 3909 552 3957 multitudine
568 3921 672 3969 peccam·
695 3904 756 3964 auro,
768 3911 789 3955 et
798 3908 853 3954 silui
861 3920 877 3953 a
889 3906 962 3963 ionia,
975 3908 996 3952 ci
1006 3907 1142 3952 dolormcus
1151 3915 1221 3951 reno-

142 3978 204 4023 tium
215 3977 334 4035 similium
342 3977 486 4037 blandiaris,
494 3978 519 4025 et
530 3977 596 4025 dicas
605 3991 612 4023 τ
620 3979 671 4024 Νοη
697 3980 762 4024 octus
772 3979 814 4024 cst.
833 3976 953 4023 Concaluil
961 3987 1001 4022 cor
1010 3987 1087 4021 mcum
1096 3975 1161 4020 mdc
1169 3975 1219 4032 mc',

143 4043 207 4108 solus
217 4045 315 4105 lioccgo
326 4042 375 4105 egi,
390 4043 480 4092 multos
491 4045 570 4092 liabeo
577 4044 670 4092 socios:
696 4048 718 4093 ct
735 4047 761 4091 iu
773 4045 918 4090 meditatiorrc
935 4057 988 4090 rura
1007 4041 1223 4102 excruciatique.
1302 4099 1307 4105 „
