<?xml version="1.0" encoding="UTF-8"?>
<!DOCTYPE html PUBLIC "-//W3C//DTD XHTML 1.0 Transitional//EN"
    "http://www.w3.org/TR/xhtml1/DTD/xhtml1-transitional.dtd">
<html xmlns="http://www.w3.org/1999/xhtml" xml:lang="en" lang="en">
 <head>
  <title>
</title>
<meta http-equiv="Content-Type" content="text/html;charset=utf-8" />
  <meta name='ocr-system' content='tesseract 3.04.00' />
  <meta name='ocr-capabilities' content='ocr_page ocr_carea ocr_par ocr_line ocrx_word'/>
</head>
<body>
  <div class='ocr_page' id='page_1' title='image "./operaomnia01ambrgoog/operaomnia01ambrgoog_0278.png"; bbox 0 0 2752 4814; ppageno 0'>
   <div class='ocr_carea' id='block_1_1' title="bbox 365 378 1205 477">
    <p class='ocr_par' dir='ltr' id='par_1_1' title="bbox 365 378 1205 477">
     <span class='ocr_line' id='line_1_1' title="bbox 365 378 1205 477; baseline 0.006 -27"><span class='ocrx_word' id='word_1_1' title='bbox 365 408 664 459; x_wconf 3' lang='lat' dir='ltr'>sustinentium,</span> <span class='ocrx_word' id='word_1_2' title='bbox 680 409 780 452; x_wconf 81' lang='lat' dir='ltr'>Llnnn</span> <span class='ocrx_word' id='word_1_3' title='bbox 794 410 891 452; x_wconf 71' lang='lat' dir='ltr'>vnis.</span> <span class='ocrx_word' id='word_1_4' title='bbox 1126 378 1172 455; x_wconf 46' lang='lat'>§87</span> <span class='ocrx_word' id='word_1_5' title='bbox 1201 471 1205 477; x_wconf 20' lang='grc' dir='ltr'>ἱ</span> 
     </span>
    </p>
   </div>
   <div class='ocr_carea' id='block_1_2' title="bbox 87 488 1223 1439">
    <p class='ocr_par' dir='ltr' id='par_1_2' title="bbox 88 488 1171 1164">
     <span class='ocr_line' id='line_1_2' title="bbox 89 488 1171 549; baseline 0.001 -14"><span class='ocrx_word' id='word_1_6' title='bbox 89 490 198 549; x_wconf 58' lang='lat' dir='ltr'>«pinnen,</span> <span class='ocrx_word' id='word_1_7' title='bbox 209 491 247 536; x_wconf 87' lang='lat' dir='ltr'>scd</span> <span class='ocrx_word' id='word_1_8' title='bbox 263 493 287 536; x_wconf 89' lang='lat' dir='ltr'>in</span> <span class='ocrx_word' id='word_1_9' title='bbox 306 491 374 537; x_wconf 75' lang='lat' dir='ltr'>serbo</span> <span class='ocrx_word' id='word_1_10' title='bbox 391 494 430 536; x_wconf 89' lang='lat' dir='ltr'>tno</span> <span class='ocrx_word' id='word_1_11' title='bbox 450 491 537 537; x_wconf 73' lang='lat' dir='ltr'>tanobo</span> <span class='ocrx_word' id='word_1_12' title='bbox 548 493 616 537; x_wconf 88' lang='lat' dir='ltr'>retia.</span> <span class='ocrx_word' id='word_1_13' title='bbox 674 491 726 535; x_wconf 68' lang='lat' dir='ltr'>lei.</span> <span class='ocrx_word' id='word_1_14' title='bbox 739 492 819 536; x_wconf 89' lang='lat' dir='ltr'>Bonus</span> <span class='ocrx_word' id='word_1_15' title='bbox 829 491 928 548; x_wconf 81' lang='lat' dir='ltr'>quidem</span> <span class='ocrx_word' id='word_1_16' title='bbox 939 500 1023 536; x_wconf 84' lang='lat' dir='ltr'>servus</span> <span class='ocrx_word' id='word_1_17' title='bbox 1032 488 1106 536; x_wconf 85' lang='lat' dir='ltr'>debet</span> <span class='ocrx_word' id='word_1_18' title='bbox 1116 503 1171 548; x_wconf 84' lang='lat' dir='ltr'>pre·</span> 
     </span>
     <span class='ocr_line' id='line_1_3' title="bbox 89 557 1171 618; baseline 0.001 -15"><span class='ocrx_word' id='word_1_19' title='bbox 89 557 617 618; x_wconf 72' lang='lat' dir='ltr'>ltoclemhabebatl‘elrus,antequamdlrris-</span> <span class='ocrx_word' id='word_1_20' title='bbox 643 559 705 604; x_wconf 89' lang='lat' dir='ltr'>tium</span> <span class='ocrx_word' id='word_1_21' title='bbox 716 572 786 604; x_wconf 92' lang='lat' dir='ltr'>suum</span> <span class='ocrx_word' id='word_1_22' title='bbox 796 571 909 617; x_wconf 87' lang='lat' dir='ltr'>reparare</span> <span class='ocrx_word' id='word_1_23' title='bbox 919 557 1016 604; x_wconf 93' lang='lat' dir='ltr'>domino</span> <span class='ocrx_word' id='word_1_24' title='bbox 1024 570 1068 603; x_wconf 89' lang='lat' dir='ltr'>suo</span> <span class='ocrx_word' id='word_1_25' title='bbox 1077 570 1083 602; x_wconf 91' lang='lat'>:</span> <span class='ocrx_word' id='word_1_26' title='bbox 1093 559 1171 604; x_wconf 90' lang='lat' dir='ltr'>sinon</span> 
     </span>
     <span class='ocr_line' id='line_1_4' title="bbox 89 626 1169 686; baseline 0.003 -16"><span class='ocrx_word' id='word_1_27' title='bbox 89 627 141 670; x_wconf 91' lang='lat' dir='ltr'>tum</span> <span class='ocrx_word' id='word_1_28' title='bbox 153 626 258 672; x_wconf 84' lang='lat' dir='ltr'>rideret.</span> <span class='ocrx_word' id='word_1_29' title='bbox 271 627 380 672; x_wconf 77' lang='lat' dir='ltr'>Nondum</span> <span class='ocrx_word' id='word_1_30' title='bbox 393 627 460 672; x_wconf 91' lang='lat' dir='ltr'>enim</span> <span class='ocrx_word' id='word_1_31' title='bbox 479 627 502 672; x_wconf 94' lang='lat' dir='ltr'>ei</span> <span class='ocrx_word' id='word_1_32' title='bbox 517 628 618 672; x_wconf 79' lang='lat' dir='ltr'>venerat</span> <span class='ocrx_word' id='word_1_33' title='bbox 643 629 722 685; x_wconf 90' lang='lat' dir='ltr'>potest</span> <span class='ocrx_word' id='word_1_34' title='bbox 734 629 841 686; x_wconf 84' lang='lat' dir='ltr'>pretinm</span> <span class='ocrx_word' id='word_1_35' title='bbox 854 626 966 684; x_wconf 75' lang='lat' dir='ltr'>reddere,</span> <span class='ocrx_word' id='word_1_36' title='bbox 977 628 1018 673; x_wconf 89' lang='lat' dir='ltr'>rel</span> <span class='ocrx_word' id='word_1_37' title='bbox 1029 627 1075 673; x_wconf 90' lang='lat' dir='ltr'>hoc</span> <span class='ocrx_word' id='word_1_38' title='bbox 1087 626 1169 683; x_wconf 86' lang='lat' dir='ltr'>iaciat,</span> 
     </span>
     <span class='ocr_line' id='line_1_5' title="bbox 90 692 1171 754; baseline 0.003 -17"><span class='ocrx_word' id='word_1_39' title='bbox 90 692 156 750; x_wconf 78' lang='lat' dir='ltr'>dies3</span> <span class='ocrx_word' id='word_1_40' title='bbox 176 695 233 751; x_wconf 83' lang='lat' dir='ltr'>quia</span> <span class='ocrx_word' id='word_1_41' title='bbox 245 705 327 738; x_wconf 85' lang='lat' dir='ltr'>reram</span> <span class='ocrx_word' id='word_1_42' title='bbox 348 705 396 738; x_wconf 93' lang='lat' dir='ltr'>non</span> <span class='ocrx_word' id='word_1_43' title='bbox 412 693 508 740; x_wconf 70' lang='lat' dir='ltr'>viderat</span> <span class='ocrx_word' id='word_1_44' title='bbox 526 694 616 740; x_wconf 90' lang='lat' dir='ltr'>lucem.</span> <span class='ocrx_word' id='word_1_45' title='bbox 643 708 673 740; x_wconf 90' lang='lat' dir='ltr'>nc</span> <span class='ocrx_word' id='word_1_46' title='bbox 687 696 766 753; x_wconf 90' lang='lat' dir='ltr'>pretio</span> <span class='ocrx_word' id='word_1_47' title='bbox 777 695 890 740; x_wconf 82' lang='lat' dir='ltr'>rideatur</span> <span class='ocrx_word' id='word_1_48' title='bbox 902 695 1023 754; x_wconf 81' lang='lat' dir='ltr'>indignus.</span> <span class='ocrx_word' id='word_1_49' title='bbox 1035 696 1096 754; x_wconf 73' lang='lat' dir='ltr'>Ergo</span> <span class='ocrx_word' id='word_1_50' title='bbox 1107 696 1132 740; x_wconf 92' lang='lat' dir='ltr'>et</span> <span class='ocrx_word' id='word_1_51' title='bbox 1144 698 1171 741; x_wconf 94' lang='lat' dir='ltr'>tu</span> 
     </span>
     <span class='ocr_line' id='line_1_6' title="bbox 90 759 1170 822; baseline 0.006 -18"><span class='ocrx_word' id='word_1_52' title='bbox 90 759 213 819; x_wconf 77' lang='lat' dir='ltr'>synagoga</span> <span class='ocrx_word' id='word_1_53' title='bbox 231 772 280 807; x_wconf 80' lang='lat' dir='ltr'>nox</span> <span class='ocrx_word' id='word_1_54' title='bbox 296 764 347 817; x_wconf 88' lang='lat' dir='ltr'>est,</span> <span class='ocrx_word' id='word_1_55' title='bbox 368 761 422 807; x_wconf 90' lang='lat' dir='ltr'>dies</span> <span class='ocrx_word' id='word_1_56' title='bbox 442 761 550 808; x_wconf 84' lang='lat' dir='ltr'>Ecclesia</span> <span class='ocrx_word' id='word_1_57' title='bbox 571 765 615 808; x_wconf 78' lang='lat' dir='ltr'>est.</span> <span class='ocrx_word' id='word_1_58' title='bbox 643 762 739 820; x_wconf 82' lang='lat' dir='ltr'>dignam</span> <span class='ocrx_word' id='word_1_59' title='bbox 758 764 782 808; x_wconf 91' lang='lat' dir='ltr'>te</span> <span class='ocrx_word' id='word_1_60' title='bbox 800 774 857 820; x_wconf 80' lang='lat' dir='ltr'>gere</span> <span class='ocrx_word' id='word_1_61' title='bbox 872 763 914 808; x_wconf 92' lang='lat' dir='ltr'>tali</span> <span class='ocrx_word' id='word_1_62' title='bbox 929 764 1023 822; x_wconf 89' lang='lat' dir='ltr'>pretio,</span> <span class='ocrx_word' id='word_1_63' title='bbox 1038 776 1069 810; x_wconf 92' lang='lat' dir='ltr'>ne</span> <span class='ocrx_word' id='word_1_64' title='bbox 1084 764 1170 811; x_wconf 84' lang='lat' dir='ltr'>veniat</span> 
     </span>
     <span class='ocr_line' id='line_1_7' title="bbox 89 825 1171 891; baseline 0.008 -21"><span class='ocrx_word' id='word_1_65' title='bbox 89 825 159 873; x_wconf 82' lang='lat' dir='ltr'>Unde</span> <span class='ocrx_word' id='word_1_66' title='bbox 174 832 200 874; x_wconf 92' lang='lat' dir='ltr'>et</span> <span class='ocrx_word' id='word_1_67' title='bbox 217 830 305 875; x_wconf 89' lang='lat' dir='ltr'>Paulus</span> <span class='ocrx_word' id='word_1_68' title='bbox 316 829 375 875; x_wconf 89' lang='lat' dir='ltr'>dicit</span> <span class='ocrx_word' id='word_1_69' title='bbox 393 845 399 874; x_wconf 88' lang='lat'>:</span> <span class='ocrx_word' id='word_1_70' title='bbox 418 830 475 876; x_wconf 77' lang='lat' dir='ltr'>lton</span> <span class='ocrx_word' id='word_1_71' title='bbox 485 834 616 888; x_wconf 71' lang='lat' dir='ltr'>precessit,</span> <span class='ocrx_word' id='word_1_72' title='bbox 642 831 750 877; x_wconf 84' lang='lat' dir='ltr'>Christus</span> <span class='ocrx_word' id='word_1_73' title='bbox 760 832 802 890; x_wconf 90' lang='lat' dir='ltr'>qui</span> <span class='ocrx_word' id='word_1_74' title='bbox 815 834 840 877; x_wconf 88' lang='lat' dir='ltr'>te</span> <span class='ocrx_word' id='word_1_75' title='bbox 852 831 989 890; x_wconf 87' lang='lat' dir='ltr'>mundarit,</span> <span class='ocrx_word' id='word_1_76' title='bbox 1000 833 1042 891; x_wconf 85' lang='lat' dir='ltr'>qui</span> <span class='ocrx_word' id='word_1_77' title='bbox 1056 834 1081 879; x_wconf 92' lang='lat' dir='ltr'>te</span> <span class='ocrx_word' id='word_1_78' title='bbox 1097 832 1171 878; x_wconf 84' lang='lat' dir='ltr'>rede·</span> 
     </span>
     <span class='ocr_line' id='line_1_8' title="bbox 89 895 1170 960; baseline 0.008 -21"><span class='ocrx_word' id='word_1_79' title='bbox 89 895 136 942; x_wconf 87' lang='lat' dir='ltr'>dies</span> <span class='ocrx_word' id='word_1_80' title='bbox 156 901 234 943; x_wconf 85' lang='lat' dir='ltr'>antem</span> <span class='ocrx_word' id='word_1_81' title='bbox 249 900 453 957; x_wconf 81' lang='lat' dir='ltr'>appropinquarit.</span> <span class='ocrx_word' id='word_1_82' title='bbox 474 899 540 944; x_wconf 91' lang='lat' dir='ltr'>Bona</span> <span class='ocrx_word' id='word_1_83' title='bbox 560 900 616 955; x_wconf 79' lang='lat' dir='ltr'>lux,</span> <span class='ocrx_word' id='word_1_84' title='bbox 642 900 764 958; x_wconf 82' lang='lat' dir='ltr'>mit3etsi</span> <span class='ocrx_word' id='word_1_85' title='bbox 776 900 951 958; x_wconf 90' lang='lat' dir='ltr'>teinpcccatis</span> <span class='ocrx_word' id='word_1_86' title='bbox 962 901 1170 960; x_wconf 77' lang='lat' dir='ltr'>invencrit,dicat</span> 
     </span>
     <span class='ocr_line' id='line_1_9' title="bbox 88 966 1170 1028; baseline 0.004 -19"><span class='ocrx_word' id='word_1_87' title='bbox 88 975 143 1021; x_wconf 68' lang='lat' dir='ltr'>quse</span> <span class='ocrx_word' id='word_1_88' title='bbox 155 966 262 1022; x_wconf 83' lang='lat' dir='ltr'>pertidiae</span> <span class='ocrx_word' id='word_1_89' title='bbox 277 968 384 1013; x_wconf 81' lang='lat' dir='ltr'>excussit</span> <span class='ocrx_word' id='word_1_90' title='bbox 398 967 543 1026; x_wconf 80' lang='lat' dir='ltr'>caliginem,</span> <span class='ocrx_word' id='word_1_91' title='bbox 558 969 616 1014; x_wconf 83' lang='lat' dir='ltr'>ndei</span> <span class='ocrx_word' id='word_1_92' title='bbox 642 968 687 1013; x_wconf 88' lang='lat' dir='ltr'>tibi</span> <span class='ocrx_word' id='word_1_93' title='bbox 707 981 713 1014; x_wconf 91' lang='lat'>:</span> <span class='ocrx_word' id='word_1_94' title='bbox 736 971 792 1028; x_wconf 83' lang='lat' dir='ltr'>Qnoe</span> <span class='ocrx_word' id='word_1_95' title='bbox 812 972 901 1016; x_wconf 85' lang='lat' dir='ltr'>utititas</span> <span class='ocrx_word' id='word_1_96' title='bbox 922 971 946 1014; x_wconf 89' lang='lat' dir='ltr'>in</span> <span class='ocrx_word' id='word_1_97' title='bbox 966 972 1079 1026; x_wconf 74' lang='lat' dir='ltr'>sanquine</span> <span class='ocrx_word' id='word_1_98' title='bbox 1100 970 1170 1016; x_wconf 83' lang='lat' dir='ltr'>meo?</span> 
     </span>
     <span class='ocr_line' id='line_1_10' title="bbox 88 1030 1170 1095; baseline 0.007 -20"><span class='ocrx_word' id='word_1_99' title='bbox 88 1030 154 1078; x_wconf 90' lang='lat' dir='ltr'>diem</span> <span class='ocrx_word' id='word_1_100' title='bbox 168 1034 234 1081; x_wconf 87' lang='lat' dir='ltr'>iecit.</span> <span class='ocrx_word' id='word_1_101' title='bbox 246 1036 304 1082; x_wconf 87' lang='lat' dir='ltr'>Dies</span> <span class='ocrx_word' id='word_1_102' title='bbox 316 1037 393 1082; x_wconf 91' lang='lat' dir='ltr'>lactus</span> <span class='ocrx_word' id='word_1_103' title='bbox 404 1040 442 1083; x_wconf 88' lang='lat' dir='ltr'>cst</span> <span class='ocrx_word' id='word_1_104' title='bbox 452 1038 552 1095; x_wconf 89' lang='lat' dir='ltr'>Petrus,</span> <span class='ocrx_word' id='word_1_105' title='bbox 564 1038 617 1083; x_wconf 91' lang='lat' dir='ltr'>dies</span> <span class='ocrx_word' id='word_1_106' title='bbox 641 1037 704 1093; x_wconf 85' lang='lat' dir='ltr'>Quid</span> <span class='ocrx_word' id='word_1_107' title='bbox 715 1037 818 1095; x_wconf 79' lang='lat' dir='ltr'><strong>profecit</strong></span> <span class='ocrx_word' id='word_1_108' title='bbox 829 1038 891 1094; x_wconf 86' lang='lat' dir='ltr'>tibi,</span> <span class='ocrx_word' id='word_1_109' title='bbox 902 1039 957 1083; x_wconf 86' lang='lat' dir='ltr'>dnm</span> <span class='ocrx_word' id='word_1_110' title='bbox 968 1039 1077 1084; x_wconf 83' lang='lat' dir='ltr'>descendo</span> <span class='ocrx_word' id='word_1_111' title='bbox 1088 1040 1170 1084; x_wconf 88' lang='lat' dir='ltr'>incor-</span> 
     </span>
     <span class='ocr_line' id='line_1_11' title="bbox 88 1100 778 1164; baseline 0.009 -19"><span class='ocrx_word' id='word_1_112' title='bbox 88 1100 189 1161; x_wconf 80' lang='lat' dir='ltr'>P-aulus3</span> <span class='ocrx_word' id='word_1_113' title='bbox 212 1105 316 1163; x_wconf 85' lang='lat' dir='ltr'>ideoque</span> <span class='ocrx_word' id='word_1_114' title='bbox 336 1105 408 1151; x_wconf 88' lang='lat' dir='ltr'>bodie</span> <span class='ocrx_word' id='word_1_115' title='bbox 431 1105 505 1151; x_wconf 90' lang='lat' dir='ltr'>natali</span> <span class='ocrx_word' id='word_1_116' title='bbox 531 1118 617 1152; x_wconf 88' lang='lat' dir='ltr'>corum</span> <span class='ocrx_word' id='word_1_117' title='bbox 641 1109 778 1164; x_wconf 82' lang='lat' dir='ltr'>ruptionem.</span> 
     </span>
    </p>

    <p class='ocr_par' dir='ltr' id='par_1_3' title="bbox 87 1168 1223 1439">
     <span class='ocr_line' id='line_1_12' title="bbox 88 1168 1170 1234; baseline 0.006 -21"><span class='ocrx_word' id='word_1_118' title='bbox 88 1168 193 1226; x_wconf 76' lang='lat' dir='ltr'>Spiritus</span> <span class='ocrx_word' id='word_1_119' title='bbox 203 1175 300 1219; x_wconf 89' lang='lat' dir='ltr'>sanctus</span> <span class='ocrx_word' id='word_1_120' title='bbox 311 1172 436 1231; x_wconf 83' lang='lat' dir='ltr'>increpuit</span> <span class='ocrx_word' id='word_1_121' title='bbox 446 1171 532 1218; x_wconf 90' lang='lat' dir='ltr'>dicens</span> <span class='ocrx_word' id='word_1_122' title='bbox 543 1185 550 1218; x_wconf 73' lang='grc' dir='ltr'><strong><em>ε</em></strong></span> <span class='ocrx_word' id='word_1_123' title='bbox 562 1174 617 1219; x_wconf 84' lang='lat' dir='ltr'>Dies</span> <span class='ocrx_word' id='word_1_124' title='bbox 673 1174 724 1220; x_wconf 63' lang='lat' dir='ltr'>iss.</span> <span class='ocrx_word' id='word_1_125' title='bbox 734 1175 781 1221; x_wconf 86' lang='lat' dir='ltr'>Sed</span> <span class='ocrx_word' id='word_1_126' title='bbox 790 1186 822 1221; x_wconf 92' lang='lat' dir='ltr'>ne</span> <span class='ocrx_word' id='word_1_127' title='bbox 832 1176 931 1221; x_wconf 89' lang='lat' dir='ltr'>mireris</span> <span class='ocrx_word' id='word_1_128' title='bbox 939 1175 1059 1234; x_wconf 89' lang='lat' dir='ltr'>quomodo</span> <span class='ocrx_word' id='word_1_129' title='bbox 1071 1176 1170 1221; x_wconf 87' lang='lat' dir='ltr'>descen-</span> 
     </span>
     <span class='ocr_line' id='line_1_13' title="bbox 88 1239 1171 1301; baseline 0.006 -19"><span class='ocrx_word' id='word_1_130' title='bbox 88 1239 133 1283; x_wconf 85' lang='lat' dir='ltr'>diei</span> <span class='ocrx_word' id='word_1_131' title='bbox 141 1243 231 1286; x_wconf 77' lang='lat' dir='ltr'>cructet</span> <span class='ocrx_word' id='word_1_132' title='bbox 241 1241 351 1296; x_wconf 84' lang='lat' dir='ltr'>cerbnrn,</span> <span class='ocrx_word' id='word_1_133' title='bbox 368 1240 413 1285; x_wconf 90' lang='lat' dir='ltr'>hoc</span> <span class='ocrx_word' id='word_1_134' title='bbox 425 1239 474 1297; x_wconf 89' lang='lat' dir='ltr'>est,</span> <span class='ocrx_word' id='word_1_135' title='bbox 487 1252 519 1285; x_wconf 81' lang='lat' dir='ltr'>cx</span> <span class='ocrx_word' id='word_1_136' title='bbox 531 1239 617 1285; x_wconf 88' lang='lat' dir='ltr'>intimo</span> <span class='ocrx_word' id='word_1_137' title='bbox 642 1240 705 1286; x_wconf 88' lang='lat' dir='ltr'>derit</span> <span class='ocrx_word' id='word_1_138' title='bbox 716 1242 741 1287; x_wconf 92' lang='lat' dir='ltr'>in</span> <span class='ocrx_word' id='word_1_139' title='bbox 759 1243 954 1301; x_wconf 83' lang='lat' dir='ltr'>corruptionem,</span> <span class='ocrx_word' id='word_1_140' title='bbox 975 1243 1045 1300; x_wconf 81' lang='lat' dir='ltr'>cnjus</span> <span class='ocrx_word' id='word_1_141' title='bbox 1062 1255 1131 1298; x_wconf 86' lang='lat' dir='ltr'>caro,</span> <span class='ocrx_word' id='word_1_142' title='bbox 1143 1244 1171 1289; x_wconf 85' lang='lat' dir='ltr'>ut</span> 
     </span>
     <span class='ocr_line' id='line_1_14' title="bbox 87 1305 1223 1369; baseline 0.005 -19"><span class='ocrx_word' id='word_1_143' title='bbox 87 1305 203 1354; x_wconf 88' lang='lat' dir='ltr'>thesauro</span> <span class='ocrx_word' id='word_1_144' title='bbox 211 1309 290 1354; x_wconf 89' lang='lat' dir='ltr'>cordis</span> <span class='ocrx_word' id='word_1_145' title='bbox 296 1309 369 1355; x_wconf 89' lang='lat' dir='ltr'>tidem</span> <span class='ocrx_word' id='word_1_146' title='bbox 376 1308 509 1366; x_wconf 76' lang='lat' dir='ltr'>praedicant</span> <span class='ocrx_word' id='word_1_147' title='bbox 517 1309 616 1355; x_wconf 87' lang='lat' dir='ltr'>Christi.</span> <span class='ocrx_word' id='word_1_148' title='bbox 641 1309 700 1354; x_wconf 89' lang='lat' dir='ltr'>aiibi</span> <span class='ocrx_word' id='word_1_149' title='bbox 709 1311 827 1368; x_wconf 85' lang='lat' dir='ltr'>scriptum</span> <span class='ocrx_word' id='word_1_150' title='bbox 840 1314 891 1369; x_wconf 89' lang='lat' dir='ltr'>est,</span> <span class='ocrx_word' id='word_1_151' title='bbox 903 1311 1022 1356; x_wconf 81' lang='lat' dir='ltr'>nonridit</span> <span class='ocrx_word' id='word_1_152' title='bbox 1033 1311 1171 1369; x_wconf 82' lang='lat' dir='ltr'>corruptio·</span> <span class='ocrx_word' id='word_1_153' title='bbox 1220 1340 1223 1344; x_wconf 33' lang='grc' dir='ltr'><strong><em>ι</em></strong></span> 
     </span>
     <span class='ocr_line' id='line_1_15' title="bbox 88 1373 1171 1439; baseline 0.006 -22"><span class='ocrx_word' id='word_1_154' title='bbox 88 1373 120 1420; x_wconf 82' lang='lat' dir='ltr'>et</span> <span class='ocrx_word' id='word_1_155' title='bbox 130 1375 207 1422; x_wconf 92' lang='lat' dir='ltr'>bonus</span> <span class='ocrx_word' id='word_1_156' title='bbox 215 1377 319 1434; x_wconf 90' lang='lat' dir='ltr'>uterque</span> <span class='ocrx_word' id='word_1_157' title='bbox 328 1376 440 1435; x_wconf 84' lang='lat' dir='ltr'>dies,qui</span> <span class='ocrx_word' id='word_1_158' title='bbox 451 1376 616 1424; x_wconf 83' lang='lat' dir='ltr'>nobisrerunr</span> <span class='ocrx_word' id='word_1_159' title='bbox 641 1390 707 1424; x_wconf 89' lang='lat' dir='ltr'>nem.</span> <span class='ocrx_word' id='word_1_160' title='bbox 726 1380 861 1426; x_wconf 89' lang='lat' dir='ltr'>Descendit</span> <span class='ocrx_word' id='word_1_161' title='bbox 872 1381 972 1439; x_wconf 87' lang='lat' dir='ltr'>quidem</span> <span class='ocrx_word' id='word_1_162' title='bbox 990 1381 1015 1426; x_wconf 95' lang='lat' dir='ltr'>in</span> <span class='ocrx_word' id='word_1_163' title='bbox 1026 1381 1106 1426; x_wconf 85' lang='lat' dir='ltr'>locurn</span> <span class='ocrx_word' id='word_1_164' title='bbox 1117 1392 1171 1426; x_wconf 84' lang='lat' dir='ltr'>cor·</span> 
     </span>
    </p>
   </div>
   <div class='ocr_carea' id='block_1_3' title="bbox 33 1441 618 3347">
    <p class='ocr_par' dir='ltr' id='par_1_4' title="bbox 90 1441 304 1491">
     <span class='ocr_line' id='line_1_16' title="bbox 90 1441 304 1491; baseline 0.019 -5"><span class='ocrx_word' id='word_1_165' title='bbox 90 1441 173 1488; x_wconf 88' lang='lat' dir='ltr'>lumen</span> <span class='ocrx_word' id='word_1_166' title='bbox 185 1445 304 1491; x_wconf 84' lang='lat' dir='ltr'>evomuit.</span> 
     </span>
    </p>

    <p class='ocr_par' dir='ltr' id='par_1_5' title="bbox 33 1512 618 3211">
     <span class='ocr_line' id='line_1_17' title="bbox 119 1512 616 1574; baseline 0.006 -19"><span class='ocrx_word' id='word_1_167' title='bbox 119 1512 172 1557; x_wconf 69' lang='lat' dir='ltr'>les.</span> <span class='ocrx_word' id='word_1_168' title='bbox 192 1514 249 1559; x_wconf 83' lang='lat' dir='ltr'>Ilaec</span> <span class='ocrx_word' id='word_1_169' title='bbox 267 1515 292 1559; x_wconf 91' lang='lat' dir='ltr'>in</span> <span class='ocrx_word' id='word_1_170' title='bbox 310 1515 441 1574; x_wconf 76' lang='lat' dir='ltr'>Evangelio</span> <span class='ocrx_word' id='word_1_171' title='bbox 458 1514 571 1572; x_wconf 84' lang='lat' dir='ltr'>legimns.</span> <span class='ocrx_word' id='word_1_172' title='bbox 587 1515 616 1559; x_wconf 90' lang='lat' dir='ltr'>Et</span> 
     </span>
     <span class='ocr_line' id='line_1_18' title="bbox 89 1577 615 1628; baseline 0.006 -3"><span class='ocrx_word' id='word_1_173' title='bbox 89 1577 188 1626; x_wconf 87' lang='lat' dir='ltr'>tortasse</span> <span class='ocrx_word' id='word_1_174' title='bbox 200 1582 226 1625; x_wconf 93' lang='lat' dir='ltr'>in</span> <span class='ocrx_word' id='word_1_175' title='bbox 237 1583 299 1628; x_wconf 86' lang='lat' dir='ltr'>coelo</span> <span class='ocrx_word' id='word_1_176' title='bbox 315 1583 390 1628; x_wconf 87' lang='lat' dir='ltr'>hodie</span> <span class='ocrx_word' id='word_1_177' title='bbox 402 1583 433 1628; x_wconf 92' lang='lat' dir='ltr'>de</span> <span class='ocrx_word' id='word_1_178' title='bbox 444 1583 513 1628; x_wconf 88' lang='lat' dir='ltr'>nobis</span> <span class='ocrx_word' id='word_1_179' title='bbox 526 1582 615 1628; x_wconf 80' lang='lat' dir='ltr'>curisti</span> 
     </span>
     <span class='ocr_line' id='line_1_19' title="bbox 89 1648 616 1710; baseline 0.006 -16"><span class='ocrx_word' id='word_1_180' title='bbox 89 1650 114 1694; x_wconf 94' lang='lat' dir='ltr'>et</span> <span class='ocrx_word' id='word_1_181' title='bbox 128 1650 193 1695; x_wconf 89' lang='lat' dir='ltr'>Petri</span> <span class='ocrx_word' id='word_1_182' title='bbox 205 1648 252 1695; x_wconf 88' lang='lat' dir='ltr'>iste</span> <span class='ocrx_word' id='word_1_183' title='bbox 264 1651 296 1697; x_wconf 91' lang='lat' dir='ltr'>sit</span> <span class='ocrx_word' id='word_1_184' title='bbox 306 1664 395 1696; x_wconf 90' lang='lat' dir='ltr'>senno.</span> <span class='ocrx_word' id='word_1_185' title='bbox 409 1651 522 1707; x_wconf 83' lang='lat' dir='ltr'>Quotidie</span> <span class='ocrx_word' id='word_1_186' title='bbox 533 1651 616 1710; x_wconf 90' lang='lat' dir='ltr'>pisca·</span> 
     </span>
     <span class='ocr_line' id='line_1_20' title="bbox 88 1719 613 1778; baseline 0.01 -17"><span class='ocrx_word' id='word_1_187' title='bbox 88 1719 129 1762; x_wconf 89' lang='lat' dir='ltr'>tur</span> <span class='ocrx_word' id='word_1_188' title='bbox 139 1719 224 1766; x_wconf 88' lang='lat' dir='ltr'>Petrus</span> <span class='ocrx_word' id='word_1_189' title='bbox 231 1752 239 1777; x_wconf 94' lang='lat'>,</span> <span class='ocrx_word' id='word_1_190' title='bbox 247 1720 358 1778; x_wconf 82' lang='lat' dir='ltr'>quotidie</span> <span class='ocrx_word' id='word_1_191' title='bbox 372 1720 396 1767; x_wconf 91' lang='lat' dir='ltr'>ei</span> <span class='ocrx_word' id='word_1_192' title='bbox 407 1721 469 1766; x_wconf 89' lang='lat' dir='ltr'>dicit</span> <span class='ocrx_word' id='word_1_193' title='bbox 479 1722 613 1767; x_wconf 87' lang='lat' dir='ltr'>Dominus:</span> 
     </span>
     <span class='ocr_line' id='line_1_21' title="bbox 88 1788 616 1835; baseline 0 -3"><span class='ocrx_word' id='word_1_194' title='bbox 88 1789 167 1832; x_wconf 90' lang='lat' dir='ltr'>Dncin</span> <span class='ocrx_word' id='word_1_195' title='bbox 177 1790 260 1834; x_wconf 71' lang='lat' dir='ltr'>alteim.</span> <span class='ocrx_word' id='word_1_196' title='bbox 269 1788 359 1835; x_wconf 87' lang='lat' dir='ltr'>Videor</span> <span class='ocrx_word' id='word_1_197' title='bbox 367 1789 429 1834; x_wconf 84' lang='lat' dir='ltr'>mibi</span> <span class='ocrx_word' id='word_1_198' title='bbox 437 1788 522 1834; x_wconf 90' lang='lat' dir='ltr'>audire</span> <span class='ocrx_word' id='word_1_199' title='bbox 531 1788 616 1834; x_wconf 91' lang='lat' dir='ltr'>dicen·</span> 
     </span>
     <span class='ocr_line' id='line_1_22' title="bbox 88 1857 616 1914; baseline 0.004 -15"><span class='ocrx_word' id='word_1_200' title='bbox 88 1858 139 1899; x_wconf 86' lang='lat' dir='ltr'>tem</span> <span class='ocrx_word' id='word_1_201' title='bbox 149 1857 248 1901; x_wconf 85' lang='lat' dir='ltr'>Petrum</span> <span class='ocrx_word' id='word_1_202' title='bbox 260 1869 267 1899; x_wconf 77' lang='grc' dir='ltr'><strong>ε</strong></span> <span class='ocrx_word' id='word_1_203' title='bbox 280 1858 420 1914; x_wconf 76' lang='lat' dir='ltr'>l’roeceptor,</span> <span class='ocrx_word' id='word_1_204' title='bbox 429 1869 471 1914; x_wconf 85' lang='lat' dir='ltr'>per</span> <span class='ocrx_word' id='word_1_205' title='bbox 481 1859 616 1903; x_wconf 85' lang='lat' dir='ltr'>totomnoc-</span> 
     </span>
     <span class='ocr_line' id='line_1_23' title="bbox 89 1923 616 1983; baseline 0.004 -16"><span class='ocrx_word' id='word_1_206' title='bbox 89 1926 133 1968; x_wconf 84' lang='lat' dir='ltr'>torn</span> <span class='ocrx_word' id='word_1_207' title='bbox 150 1923 282 1970; x_wconf 78' lang='lat' dir='ltr'>laborantes</span> <span class='ocrx_word' id='word_1_208' title='bbox 297 1924 356 1969; x_wconf 87' lang='lat' dir='ltr'>nibil</span> <span class='ocrx_word' id='word_1_209' title='bbox 366 1926 473 1982; x_wconf 84' lang='lat' dir='ltr'>cepimus.</span> <span class='ocrx_word' id='word_1_210' title='bbox 489 1924 542 1969; x_wconf 83' lang='lat' dir='ltr'>Nox</span> <span class='ocrx_word' id='word_1_211' title='bbox 555 1923 616 1983; x_wconf 91' lang='lat' dir='ltr'>tuit,</span> 
     </span>
     <span class='ocr_line' id='line_1_24' title="bbox 88 1990 617 2049; baseline 0.002 -14"><span class='ocrx_word' id='word_1_212' title='bbox 88 1991 216 2049; x_wconf 90' lang='lat' dir='ltr'>pauciores</span> <span class='ocrx_word' id='word_1_213' title='bbox 226 1990 257 2036; x_wconf 90' lang='lat' dir='ltr'>ad</span> <span class='ocrx_word' id='word_1_214' title='bbox 267 1990 366 2049; x_wconf 79' lang='lat' dir='ltr'>vigilias</span> <span class='ocrx_word' id='word_1_215' title='bbox 377 1992 554 2037; x_wconf 80' lang='lat' dir='ltr'>convenerunt.</span> <span class='ocrx_word' id='word_1_216' title='bbox 570 1993 617 2037; x_wconf 88' lang='lat' dir='ltr'>La·</span> 
     </span>
     <span class='ocr_line' id='line_1_25' title="bbox 89 2058 617 2116; baseline 0.002 -14"><span class='ocrx_word' id='word_1_217' title='bbox 89 2058 158 2103; x_wconf 87' lang='lat' dir='ltr'>borat</span> <span class='ocrx_word' id='word_1_218' title='bbox 176 2058 203 2102; x_wconf 93' lang='lat' dir='ltr'>in</span> <span class='ocrx_word' id='word_1_219' title='bbox 221 2058 293 2103; x_wconf 90' lang='lat' dir='ltr'>nobis</span> <span class='ocrx_word' id='word_1_220' title='bbox 306 2059 406 2114; x_wconf 84' lang='lat' dir='ltr'>Petrus,</span> <span class='ocrx_word' id='word_1_221' title='bbox 423 2058 519 2116; x_wconf 90' lang='lat' dir='ltr'>quando</span> <span class='ocrx_word' id='word_1_222' title='bbox 535 2059 617 2103; x_wconf 90' lang='lat' dir='ltr'>nostra</span> 
     </span>
     <span class='ocr_line' id='line_1_26' title="bbox 89 2126 617 2174; baseline 0.008 -4"><span class='ocrx_word' id='word_1_223' title='bbox 89 2126 182 2172; x_wconf 90' lang='lat' dir='ltr'>laborat</span> <span class='ocrx_word' id='word_1_224' title='bbox 192 2127 290 2173; x_wconf 77' lang='lat' dir='ltr'>devotio</span> <span class='ocrx_word' id='word_1_225' title='bbox 301 2127 412 2173; x_wconf 83' lang='lat' dir='ltr'>:laborat</span> <span class='ocrx_word' id='word_1_226' title='bbox 423 2128 447 2173; x_wconf 90' lang='lat' dir='ltr'>et</span> <span class='ocrx_word' id='word_1_227' title='bbox 460 2128 557 2174; x_wconf 88' lang='lat' dir='ltr'>Paulus.</span> <span class='ocrx_word' id='word_1_228' title='bbox 568 2129 617 2174; x_wconf 91' lang='lat' dir='ltr'>De·</span> 
     </span>
     <span class='ocr_line' id='line_1_27' title="bbox 88 2196 616 2258; baseline 0.009 -18"><span class='ocrx_word' id='word_1_229' title='bbox 88 2196 164 2254; x_wconf 90' lang='lat' dir='ltr'>nique</span> <span class='ocrx_word' id='word_1_230' title='bbox 184 2196 285 2243; x_wconf 90' lang='lat' dir='ltr'>audistis</span> <span class='ocrx_word' id='word_1_231' title='bbox 303 2197 427 2243; x_wconf 83' lang='lat' dir='ltr'>dicentem</span> <span class='ocrx_word' id='word_1_232' title='bbox 447 2197 522 2243; x_wconf 88' lang='lat' dir='ltr'>bodie</span> <span class='ocrx_word' id='word_1_233' title='bbox 541 2200 616 2258; x_wconf 80' lang='lat' dir='ltr'>:Quis</span> 
     </span>
     <span class='ocr_line' id='line_1_28' title="bbox 87 2265 615 2326; baseline 0.002 -14"><span class='ocrx_word' id='word_1_234' title='bbox 87 2268 236 2324; x_wconf 74' lang='lat' dir='ltr'>infirmatur,</span> <span class='ocrx_word' id='word_1_235' title='bbox 247 2269 268 2313; x_wconf 89' lang='lat' dir='ltr'>et</span> <span class='ocrx_word' id='word_1_236' title='bbox 278 2279 318 2326; x_wconf 75' lang='lat' dir='ltr'>epo</span> <span class='ocrx_word' id='word_1_237' title='bbox 332 2280 379 2312; x_wconf 89' lang='lat' dir='ltr'>non</span> <span class='ocrx_word' id='word_1_238' title='bbox 395 2265 521 2324; x_wconf 80' lang='lat' dir='ltr'>infirmor?</span> <span class='ocrx_word' id='word_1_239' title='bbox 536 2267 615 2313; x_wconf 79' lang='lat' dir='ltr'>nolite</span> 
     </span>
     <span class='ocr_line' id='line_1_29' title="bbox 33 2332 614 2393; baseline 0.009 -16"><span class='ocrx_word' id='word_1_240' title='bbox 33 2332 40 2339; x_wconf 78' lang='grc'>’</span> <span class='ocrx_word' id='word_1_241' title='bbox 88 2334 169 2380; x_wconf 85' lang='lat' dir='ltr'>tacere</span> <span class='ocrx_word' id='word_1_242' title='bbox 184 2334 212 2380; x_wconf 89' lang='lat' dir='ltr'>ut</span> <span class='ocrx_word' id='word_1_243' title='bbox 228 2334 356 2393; x_wconf 83' lang='lat' dir='ltr'>provehis</span> <span class='ocrx_word' id='word_1_244' title='bbox 372 2335 484 2381; x_wconf 89' lang='lat' dir='ltr'>laborent</span> <span class='ocrx_word' id='word_1_245' title='bbox 503 2336 614 2393; x_wconf 89' lang='lat' dir='ltr'>apostoli.</span> 
     </span>
     <span class='ocr_line' id='line_1_30' title="bbox 88 2403 616 2460; baseline 0.008 -14"><span class='ocrx_word' id='word_1_246' title='bbox 88 2403 147 2460; x_wconf 78' lang='lat' dir='ltr'>Ergo</span> <span class='ocrx_word' id='word_1_247' title='bbox 155 2403 240 2449; x_wconf 91' lang='lat' dir='ltr'>dicunt</span> <span class='ocrx_word' id='word_1_248' title='bbox 250 2404 274 2448; x_wconf 91' lang='lat' dir='ltr'>ei</span> <span class='ocrx_word' id='word_1_249' title='bbox 286 2417 293 2450; x_wconf 72' lang='grc' dir='ltr'>ι</span> <span class='ocrx_word' id='word_1_250' title='bbox 307 2407 352 2450; x_wconf 82' lang='lat' dir='ltr'>Per</span> <span class='ocrx_word' id='word_1_251' title='bbox 364 2407 436 2449; x_wconf 81' lang='lat' dir='ltr'>toturn</span> <span class='ocrx_word' id='word_1_252' title='bbox 446 2408 536 2450; x_wconf 89' lang='lat' dir='ltr'>noctem</span> <span class='ocrx_word' id='word_1_253' title='bbox 551 2405 616 2450; x_wconf 84' lang='lat' dir='ltr'>labo-</span> 
     </span>
     <span class='ocr_line' id='line_1_31' title="bbox 88 2472 615 2530; baseline 0 -14"><span class='ocrx_word' id='word_1_254' title='bbox 88 2475 167 2517; x_wconf 83' lang='lat' dir='ltr'>rantes</span> <span class='ocrx_word' id='word_1_255' title='bbox 177 2472 235 2516; x_wconf 89' lang='lat' dir='ltr'>nibil</span> <span class='ocrx_word' id='word_1_256' title='bbox 245 2474 353 2530; x_wconf 81' lang='lat' dir='ltr'>cepimus.</span> <span class='ocrx_word' id='word_1_257' title='bbox 365 2472 449 2517; x_wconf 73' lang='lat' dir='ltr'>Nullus</span> <span class='ocrx_word' id='word_1_258' title='bbox 458 2472 525 2517; x_wconf 88' lang='lat' dir='ltr'>certe</span> <span class='ocrx_word' id='word_1_259' title='bbox 536 2472 566 2517; x_wconf 91' lang='lat' dir='ltr'>dc</span> <span class='ocrx_word' id='word_1_260' title='bbox 578 2472 615 2517; x_wconf 92' lang='lat' dir='ltr'>di-</span> 
     </span>
     <span class='ocr_line' id='line_1_32' title="bbox 88 2538 616 2595; baseline 0.006 -13"><span class='ocrx_word' id='word_1_261' title='bbox 88 2538 192 2584; x_wconf 87' lang='lat' dir='ltr'>tioribus</span> <span class='ocrx_word' id='word_1_262' title='bbox 202 2539 338 2595; x_wconf 67' lang='lat' dir='ltr'>ieiunarit.</span> <span class='ocrx_word' id='word_1_263' title='bbox 354 2539 449 2595; x_wconf 85' lang='lat' dir='ltr'>Quibus</span> <span class='ocrx_word' id='word_1_264' title='bbox 465 2539 539 2584; x_wconf 90' lang='lat' dir='ltr'>hodie</span> <span class='ocrx_word' id='word_1_265' title='bbox 553 2540 616 2585; x_wconf 90' lang='lat' dir='ltr'>bene</span> 
     </span>
     <span class='ocr_line' id='line_1_33' title="bbox 88 2606 616 2662; baseline 0.006 -13"><span class='ocrx_word' id='word_1_266' title='bbox 88 2606 214 2662; x_wconf 83' lang='lat' dir='ltr'>respondit</span> <span class='ocrx_word' id='word_1_267' title='bbox 224 2606 309 2651; x_wconf 86' lang='lat' dir='ltr'>Petrus</span> <span class='ocrx_word' id='word_1_268' title='bbox 322 2619 328 2649; x_wconf 91' lang='lat'>:</span> <span class='ocrx_word' id='word_1_269' title='bbox 340 2609 368 2651; x_wconf 90' lang='lat' dir='ltr'>ln</span> <span class='ocrx_word' id='word_1_270' title='bbox 380 2609 460 2651; x_wconf 76' lang='lat' dir='ltr'>trinorc</span> <span class='ocrx_word' id='word_1_271' title='bbox 471 2606 513 2650; x_wconf 83' lang='lat' dir='ltr'>lioc</span> <span class='ocrx_word' id='word_1_272' title='bbox 527 2608 616 2652; x_wconf 86' lang='lat' dir='ltr'>incoln-</span> 
     </span>
     <span class='ocr_line' id='line_1_34' title="bbox 89 2674 617 2731; baseline 0.004 -13"><span class='ocrx_word' id='word_1_273' title='bbox 89 2676 125 2719; x_wconf 84' lang='lat' dir='ltr'>tns</span> <span class='ocrx_word' id='word_1_274' title='bbox 137 2676 206 2719; x_wconf 82' lang='lat' dir='ltr'>nestri</span> <span class='ocrx_word' id='word_1_275' title='bbox 216 2676 315 2731; x_wconf 85' lang='lat' dir='ltr'>ternpore</span> <span class='ocrx_word' id='word_1_276' title='bbox 325 2674 507 2728; x_wconf 81' lang='lat' dir='ltr'>conccrsornini,</span> <span class='ocrx_word' id='word_1_277' title='bbox 522 2675 617 2720; x_wconf 81' lang='lat' dir='ltr'>scientes</span> 
     </span>
     <span class='ocr_line' id='line_1_35' title="bbox 90 2720 616 2800; baseline 0 -14"><span class='ocrx_word' id='word_1_278' title='bbox 90 2743 149 2800; x_wconf 82' lang='lat' dir='ltr'>qnod</span> <span class='ocrx_word' id='word_1_279' title='bbox 157 2754 204 2786; x_wconf 86' lang='lat' dir='ltr'>non</span> <span class='ocrx_word' id='word_1_280' title='bbox 215 2720 401 2799; x_wconf 71' lang='lat' dir='ltr'>corruptibilibus</span> <span class='ocrx_word' id='word_1_281' title='bbox 409 2743 503 2800; x_wconf 80' lang='lat' dir='ltr'>arpento</span> <span class='ocrx_word' id='word_1_282' title='bbox 512 2742 547 2787; x_wconf 85' lang='lat' dir='ltr'>cel</span> <span class='ocrx_word' id='word_1_283' title='bbox 558 2756 616 2787; x_wconf 73' lang='lat' dir='ltr'>narro</span> 
     </span>
     <span class='ocr_line' id='line_1_36' title="bbox 89 2811 616 2857; baseline 0 -2"><span class='ocrx_word' id='word_1_284' title='bbox 89 2811 185 2856; x_wconf 86' lang='lat' dir='ltr'>redemti</span> <span class='ocrx_word' id='word_1_285' title='bbox 196 2811 248 2857; x_wconf 88' lang='lat' dir='ltr'>estis</span> <span class='ocrx_word' id='word_1_286' title='bbox 258 2811 284 2855; x_wconf 89' lang='lat' dir='ltr'>dc</span> <span class='ocrx_word' id='word_1_287' title='bbox 292 2823 355 2856; x_wconf 80' lang='lat' dir='ltr'>curro</span> <span class='ocrx_word' id='word_1_288' title='bbox 362 2811 438 2856; x_wconf 85' lang='lat' dir='ltr'>cestro</span> <span class='ocrx_word' id='word_1_289' title='bbox 446 2813 616 2856; x_wconf 77' lang='lat' dir='ltr'>conserentione</span> 
     </span>
     <span class='ocr_line' id='line_1_37' title="bbox 87 2880 616 2938; baseline 0.002 -15"><span class='ocrx_word' id='word_1_290' title='bbox 87 2882 192 2938; x_wconf 85' lang='lat' dir='ltr'>poternoe</span> <span class='ocrx_word' id='word_1_291' title='bbox 203 2880 341 2934; x_wconf 82' lang='lat' dir='ltr'>traditionis,</span> <span class='ocrx_word' id='word_1_292' title='bbox 352 2880 390 2925; x_wconf 86' lang='lat' dir='ltr'>srd</span> <span class='ocrx_word' id='word_1_293' title='bbox 397 2881 495 2937; x_wconf 63' lang='lat' dir='ltr'>pretioso</span> <span class='ocrx_word' id='word_1_294' title='bbox 505 2881 616 2936; x_wconf 74' lang='lat' dir='ltr'>snripnine</span> 
     </span>
     <span class='ocr_line' id='line_1_38' title="bbox 89 2948 618 3005; baseline 0 -13"><span class='ocrx_word' id='word_1_295' title='bbox 89 2948 156 3005; x_wconf 75' lang='lat' dir='ltr'>prensi</span> <span class='ocrx_word' id='word_1_296' title='bbox 171 2948 228 3004; x_wconf 73' lang='lat' dir='ltr'>corii</span> <span class='ocrx_word' id='word_1_297' title='bbox 243 2948 422 2992; x_wconf 77' lang='lat' dir='ltr'>incontaminati</span> <span class='ocrx_word' id='word_1_298' title='bbox 435 2949 456 2991; x_wconf 92' lang='lat' dir='ltr'>et</span> <span class='ocrx_word' id='word_1_299' title='bbox 473 2948 618 2992; x_wconf 86' lang='lat' dir='ltr'>irnrnncntnti</span> 
     </span>
     <span class='ocr_line' id='line_1_39' title="bbox 89 3015 617 3072; baseline -0.008 -9"><span class='ocrx_word' id='word_1_300' title='bbox 89 3015 176 3063; x_wconf 76' lang='lat' dir='ltr'>Christi</span> <span class='ocrx_word' id='word_1_301' title='bbox 188 3017 251 3061; x_wconf 80' lang='lat' dir='ltr'>iesu.</span> <span class='ocrx_word' id='word_1_302' title='bbox 260 3016 311 3060; x_wconf 76' lang='lat' dir='ltr'>Non</span> <span class='ocrx_word' id='word_1_303' title='bbox 327 3027 383 3072; x_wconf 80' lang='lat' dir='ltr'>ergo</span> <span class='ocrx_word' id='word_1_304' title='bbox 396 3026 482 3059; x_wconf 89' lang='lat' dir='ltr'>aurum</span> <span class='ocrx_word' id='word_1_305' title='bbox 494 3015 519 3060; x_wconf 90' lang='lat' dir='ltr'>et</span> <span class='ocrx_word' id='word_1_306' title='bbox 529 3026 617 3071; x_wconf 85' lang='lat' dir='ltr'>argen-</span> 
     </span>
     <span class='ocr_line' id='line_1_40' title="bbox 88 3083 615 3141; baseline 0 -11"><span class='ocrx_word' id='word_1_307' title='bbox 88 3084 140 3130; x_wconf 89' lang='lat' dir='ltr'>tum</span> <span class='ocrx_word' id='word_1_308' title='bbox 157 3096 199 3129; x_wconf 83' lang='lat' dir='ltr'>ros</span> <span class='ocrx_word' id='word_1_309' title='bbox 217 3084 345 3141; x_wconf 80' lang='lat' dir='ltr'>liberarit,</span> <span class='ocrx_word' id='word_1_310' title='bbox 369 3083 411 3129; x_wconf 92' lang='lat' dir='ltr'>sed</span> <span class='ocrx_word' id='word_1_311' title='bbox 427 3084 538 3141; x_wconf 91' lang='lat' dir='ltr'>probatio</span> <span class='ocrx_word' id='word_1_312' title='bbox 558 3084 615 3130; x_wconf 87' lang='lat' dir='ltr'>tidei</span> 
     </span>
     <span class='ocr_line' id='line_1_41' title="bbox 89 3152 535 3211; baseline 0.004 -15"><span class='ocrx_word' id='word_1_313' title='bbox 89 3152 535 3211; x_wconf 86' lang='lat' dir='ltr'>multopretiosiorauro,quodperit.</span> 
     </span>
    </p>

    <p class='ocr_par' dir='ltr' id='par_1_6' title="bbox 89 3220 616 3347">
     <span class='ocr_line' id='line_1_42' title="bbox 119 3220 616 3278; baseline 0.006 -13"><span class='ocrx_word' id='word_1_314' title='bbox 119 3220 173 3267; x_wconf 76' lang='lat' dir='ltr'>iao.</span> <span class='ocrx_word' id='word_1_315' title='bbox 193 3222 273 3266; x_wconf 88' lang='lat' dir='ltr'>Bonus</span> <span class='ocrx_word' id='word_1_316' title='bbox 298 3233 382 3266; x_wconf 76' lang='lat' dir='ltr'>servus</span> <span class='ocrx_word' id='word_1_317' title='bbox 402 3221 510 3278; x_wconf 91' lang='lat' dir='ltr'>pretium</span> <span class='ocrx_word' id='word_1_318' title='bbox 535 3222 616 3268; x_wconf 90' lang='lat' dir='ltr'>studet</span> 
     </span>
     <span class='ocr_line' id='line_1_43' title="bbox 89 3289 616 3347; baseline 0 -12"><span class='ocrx_word' id='word_1_319' title='bbox 89 3300 202 3347; x_wconf 86' lang='lat' dir='ltr'>reparare</span> <span class='ocrx_word' id='word_1_320' title='bbox 211 3289 324 3345; x_wconf 88' lang='lat' dir='ltr'>domino,</span> <span class='ocrx_word' id='word_1_321' title='bbox 336 3289 401 3346; x_wconf 72' lang='lat' dir='ltr'>(lund</span> <span class='ocrx_word' id='word_1_322' title='bbox 418 3302 462 3347; x_wconf 90' lang='lat' dir='ltr'>pro</span> <span class='ocrx_word' id='word_1_323' title='bbox 474 3303 500 3335; x_wconf 90' lang='lat' dir='ltr'>so</span> <span class='ocrx_word' id='word_1_324' title='bbox 509 3291 616 3335; x_wconf 91' lang='lat' dir='ltr'>solutum</span> 
     </span>
    </p>
   </div>
   <div class='ocr_carea' id='block_1_4' title="bbox 90 3356 618 3412">
    <p class='ocr_par' dir='ltr' id='par_1_7' title="bbox 90 3356 618 3412">
     <span class='ocr_line' id='line_1_44' title="bbox 90 3356 618 3412; baseline 0 -11"><span class='ocrx_word' id='word_1_325' title='bbox 90 3359 135 3401; x_wconf 89' lang='lat' dir='ltr'>cst.</span> <span class='ocrx_word' id='word_1_326' title='bbox 152 3356 206 3401; x_wconf 82' lang='lat' dir='ltr'>n&#39;oli</span> <span class='ocrx_word' id='word_1_327' title='bbox 217 3367 303 3400; x_wconf 90' lang='lat' dir='ltr'>aurum</span> <span class='ocrx_word' id='word_1_328' title='bbox 320 3367 420 3412; x_wconf 85' lang='lat' dir='ltr'>parare,</span> <span class='ocrx_word' id='word_1_329' title='bbox 437 3356 501 3411; x_wconf 89' lang='lat' dir='ltr'>tilia,</span> <span class='ocrx_word' id='word_1_330' title='bbox 517 3357 567 3401; x_wconf 93' lang='lat' dir='ltr'>noli</span> <span class='ocrx_word' id='word_1_331' title='bbox 578 3369 618 3401; x_wconf 85' lang='lat' dir='ltr'>ar-</span> 
     </span>
    </p>
   </div>
   <div class='ocr_carea' id='block_1_5' title="bbox 89 3421 617 3480">
    <p class='ocr_par' dir='ltr' id='par_1_8' title="bbox 89 3421 617 3480">
     <span class='ocr_line' id='line_1_45' title="bbox 89 3421 617 3480; baseline 0.002 -13"><span class='ocrx_word' id='word_1_332' title='bbox 89 3422 199 3480; x_wconf 81' lang='lat' dir='ltr'>gentum.</span> <span class='ocrx_word' id='word_1_333' title='bbox 218 3423 269 3467; x_wconf 73' lang='lat' dir='ltr'>lton</span> <span class='ocrx_word' id='word_1_334' title='bbox 286 3421 381 3467; x_wconf 82' lang='lat' dir='ltr'>divitiis</span> <span class='ocrx_word' id='word_1_335' title='bbox 398 3423 451 3467; x_wconf 86' lang='lat' dir='ltr'>istis</span> <span class='ocrx_word' id='word_1_336' title='bbox 469 3425 493 3467; x_wconf 92' lang='lat' dir='ltr'>te</span> <span class='ocrx_word' id='word_1_337' title='bbox 510 3423 617 3468; x_wconf 85' lang='lat' dir='ltr'>Christus</span> 
     </span>
    </p>
   </div>
   <div class='ocr_carea' id='block_1_6' title="bbox 91 3492 618 3550">
    <p class='ocr_par' dir='ltr' id='par_1_9' title="bbox 91 3492 618 3550">
     <span class='ocr_line' id='line_1_46' title="bbox 91 3492 618 3550; baseline 0 -13"><span class='ocrx_word' id='word_1_338' title='bbox 91 3493 204 3537; x_wconf 75' lang='lat' dir='ltr'>redemit·</span> <span class='ocrx_word' id='word_1_339' title='bbox 215 3493 329 3536; x_wconf 87' lang='lat' dir='ltr'>Paratum</span> <span class='ocrx_word' id='word_1_340' title='bbox 339 3492 427 3537; x_wconf 90' lang='lat' dir='ltr'>habeto</span> <span class='ocrx_word' id='word_1_341' title='bbox 439 3492 555 3550; x_wconf 89' lang='lat' dir='ltr'>pretium.</span> <span class='ocrx_word' id='word_1_342' title='bbox 567 3493 618 3537; x_wconf 74' lang='lat' dir='ltr'>lt&#39;on</span> 
     </span>
    </p>
   </div>
   <div class='ocr_carea' id='block_1_7' title="bbox 90 3560 617 3685">
    <p class='ocr_par' dir='ltr' id='par_1_10' title="bbox 90 3560 617 3685">
     <span class='ocr_line' id='line_1_47' title="bbox 91 3560 617 3618; baseline -0.002 -13"><span class='ocrx_word' id='word_1_343' title='bbox 91 3572 187 3618; x_wconf 84' lang='lat' dir='ltr'>semper</span> <span class='ocrx_word' id='word_1_344' title='bbox 205 3560 325 3618; x_wconf 80' lang='lat' dir='ltr'>exigeris,</span> <span class='ocrx_word' id='word_1_345' title='bbox 352 3560 396 3605; x_wconf 88' lang='lat' dir='ltr'>sed</span> <span class='ocrx_word' id='word_1_346' title='bbox 412 3572 509 3618; x_wconf 90' lang='lat' dir='ltr'>semper</span> <span class='ocrx_word' id='word_1_347' title='bbox 531 3561 617 3606; x_wconf 84' lang='lat' dir='ltr'>debes.</span> 
     </span>
     <span class='ocr_line' id='line_1_48' title="bbox 90 3627 617 3685; baseline -0.004 -10"><span class='ocrx_word' id='word_1_348' title='bbox 90 3627 240 3685; x_wconf 77' lang='lat' dir='ltr'>Sanguinem</span> <span class='ocrx_word' id='word_1_349' title='bbox 259 3627 347 3685; x_wconf 72' lang='lat' dir='ltr'>solvit,</span> <span class='ocrx_word' id='word_1_350' title='bbox 371 3629 513 3684; x_wconf 73' lang='lat' dir='ltr'>sanguinem</span> <span class='ocrx_word' id='word_1_351' title='bbox 532 3628 617 3673; x_wconf 90' lang='lat' dir='ltr'>debes.</span> 
     </span>
    </p>
   </div>
   <div class='ocr_carea' id='block_1_8' title="bbox 90 3694 619 4026">
    <p class='ocr_par' dir='ltr' id='par_1_11' title="bbox 90 3694 619 4026">
     <span class='ocr_line' id='line_1_49' title="bbox 90 3694 619 3754; baseline -0.004 -12"><span class='ocrx_word' id='word_1_352' title='bbox 90 3697 135 3742; x_wconf 94' lang='lat' dir='ltr'>tlle</span> <span class='ocrx_word' id='word_1_353' title='bbox 146 3707 191 3754; x_wconf 93' lang='lat' dir='ltr'>pro</span> <span class='ocrx_word' id='word_1_354' title='bbox 202 3696 226 3741; x_wconf 89' lang='lat' dir='ltr'>te</span> <span class='ocrx_word' id='word_1_355' title='bbox 237 3694 310 3740; x_wconf 83' lang='lat' dir='ltr'>solvit</span> <span class='ocrx_word' id='word_1_356' title='bbox 318 3726 326 3751; x_wconf 90' lang='lat'>,</span> <span class='ocrx_word' id='word_1_357' title='bbox 335 3696 362 3740; x_wconf 91' lang='lat' dir='ltr'>tu</span> <span class='ocrx_word' id='word_1_358' title='bbox 372 3707 416 3753; x_wconf 91' lang='lat' dir='ltr'>pro</span> <span class='ocrx_word' id='word_1_359' title='bbox 427 3697 450 3740; x_wconf 91' lang='lat' dir='ltr'>te</span> <span class='ocrx_word' id='word_1_360' title='bbox 464 3696 548 3740; x_wconf 88' lang='lat' dir='ltr'>redde.</span> <span class='ocrx_word' id='word_1_361' title='bbox 561 3697 619 3740; x_wconf 84' lang='lat' dir='ltr'>Era-</span> 
     </span>
     <span class='ocr_line' id='line_1_50' title="bbox 90 3763 619 3822; baseline -0.006 -11"><span class='ocrx_word' id='word_1_362' title='bbox 90 3777 145 3811; x_wconf 89' lang='lat' dir='ltr'>mus</span> <span class='ocrx_word' id='word_1_363' title='bbox 156 3763 307 3822; x_wconf 79' lang='lat' dir='ltr'>oppignorati</span> <span class='ocrx_word' id='word_1_364' title='bbox 326 3763 390 3807; x_wconf 92' lang='lat' dir='ltr'>malo</span> <span class='ocrx_word' id='word_1_365' title='bbox 402 3763 517 3808; x_wconf 88' lang='lat' dir='ltr'>creditori</span> <span class='ocrx_word' id='word_1_366' title='bbox 533 3775 619 3822; x_wconf 88' lang='lat' dir='ltr'>pecca-</span> 
     </span>
     <span class='ocr_line' id='line_1_51' title="bbox 91 3831 618 3891; baseline -0.006 -11"><span class='ocrx_word' id='word_1_367' title='bbox 91 3834 131 3891; x_wconf 88' lang='lat' dir='ltr'>tis,</span> <span class='ocrx_word' id='word_1_368' title='bbox 144 3832 311 3879; x_wconf 83' lang='lat' dir='ltr'>contraximus</span> <span class='ocrx_word' id='word_1_369' title='bbox 322 3831 509 3890; x_wconf 78' lang='lat' dir='ltr'>chirographum</span> <span class='ocrx_word' id='word_1_370' title='bbox 526 3833 618 3890; x_wconf 87' lang='lat' dir='ltr'>culpae,</span> 
     </span>
     <span class='ocr_line' id='line_1_52' title="bbox 90 3899 619 3961; baseline -0.004 -14"><span class='ocrx_word' id='word_1_371' title='bbox 90 3914 187 3961; x_wconf 88' lang='lat' dir='ltr'>poenanr</span> <span class='ocrx_word' id='word_1_372' title='bbox 209 3900 334 3959; x_wconf 76' lang='lat' dir='ltr'>sanguinis</span> <span class='ocrx_word' id='word_1_373' title='bbox 352 3899 501 3945; x_wconf 87' lang='lat' dir='ltr'>debebamus</span> <span class='ocrx_word' id='word_1_374' title='bbox 521 3913 527 3943; x_wconf 79' lang='lat' dir='ltr'><strong><em>z</em></strong></span> <span class='ocrx_word' id='word_1_375' title='bbox 549 3900 619 3946; x_wconf 81' lang='lat' dir='ltr'>venit</span> 
     </span>
     <span class='ocr_line' id='line_1_53' title="bbox 91 3966 618 4026; baseline -0.002 -11"><span class='ocrx_word' id='word_1_376' title='bbox 91 3970 210 4016; x_wconf 86' lang='lat' dir='ltr'>Dominus</span> <span class='ocrx_word' id='word_1_377' title='bbox 219 3970 299 4026; x_wconf 84' lang='lat' dir='ltr'>iesus,</span> <span class='ocrx_word' id='word_1_378' title='bbox 307 3979 378 4015; x_wconf 90' lang='lat' dir='ltr'>suum</span> <span class='ocrx_word' id='word_1_379' title='bbox 389 3980 433 4026; x_wconf 91' lang='lat' dir='ltr'>pro</span> <span class='ocrx_word' id='word_1_380' title='bbox 441 3967 510 4013; x_wconf 88' lang='lat' dir='ltr'>nobis</span> <span class='ocrx_word' id='word_1_381' title='bbox 521 3966 618 4025; x_wconf 89' lang='lat' dir='ltr'>obtulit;</span> 
     </span>
    </p>
   </div>
   <div class='ocr_carea' id='block_1_9' title="bbox 91 4033 557 4096">
    <p class='ocr_par' dir='ltr' id='par_1_12' title="bbox 91 4033 557 4096">
     <span class='ocr_line' id='line_1_54' title="bbox 91 4033 557 4096; baseline -0.011 -12"><span class='ocrx_word' id='word_1_382' title='bbox 91 4036 134 4084; x_wconf 84' lang='lat' dir='ltr'>scd</span> <span class='ocrx_word' id='word_1_383' title='bbox 149 4049 196 4084; x_wconf 91' lang='lat' dir='ltr'>non</span> <span class='ocrx_word' id='word_1_384' title='bbox 207 4038 277 4096; x_wconf 91' lang='lat' dir='ltr'>potes</span> <span class='ocrx_word' id='word_1_385' title='bbox 292 4034 434 4094; x_wconf 80' lang='lat' dir='ltr'>sangninem</span> <span class='ocrx_word' id='word_1_386' title='bbox 446 4033 557 4082; x_wconf 87' lang='lat' dir='ltr'>reddere.</span> 
     </span>
    </p>
   </div>
   <div class='ocr_carea' id='block_1_10' title="bbox 641 1447 1171 1582">
    <p class='ocr_par' dir='ltr' id='par_1_13' title="bbox 641 1447 1171 1582">
     <span class='ocr_line' id='line_1_55' title="bbox 641 1447 1171 1508; baseline 0.006 -16"><span class='ocrx_word' id='word_1_387' title='bbox 641 1448 777 1506; x_wconf 91' lang='lat' dir='ltr'>ruptionis,</span> <span class='ocrx_word' id='word_1_388' title='bbox 789 1450 831 1508; x_wconf 89' lang='lat' dir='ltr'>qui</span> <span class='ocrx_word' id='word_1_389' title='bbox 845 1449 983 1506; x_wconf 86' lang='lat' dir='ltr'>penetravit</span> <span class='ocrx_word' id='word_1_390' title='bbox 995 1449 1089 1494; x_wconf 87' lang='lat' dir='ltr'>interna</span> <span class='ocrx_word' id='word_1_391' title='bbox 1104 1462 1110 1493; x_wconf 75' lang='grc' dir='ltr'><strong>ε</strong></span> <span class='ocrx_word' id='word_1_392' title='bbox 1127 1447 1171 1495; x_wconf 85' lang='lat' dir='ltr'>sed</span> 
     </span>
     <span class='ocr_line' id='line_1_56' title="bbox 641 1521 1105 1582; baseline 0.004 -16"><span class='ocrx_word' id='word_1_393' title='bbox 641 1522 820 1580; x_wconf 87' lang='lat' dir='ltr'>corruptionem</span> <span class='ocrx_word' id='word_1_394' title='bbox 829 1522 984 1582; x_wconf 91' lang='lat' dir='ltr'>incorruptus</span> <span class='ocrx_word' id='word_1_395' title='bbox 993 1521 1105 1569; x_wconf 72' lang='lat' dir='ltr'>exclusit.</span> 
     </span>
    </p>
   </div>
   <div class='ocr_carea' id='block_1_11' title="bbox 876 1628 935 1638">
    <p class='ocr_par' dir='ltr' id='par_1_14' title="bbox 876 1628 935 1638">
     <span class='ocr_line' id='line_1_57' title="bbox 876 1628 935 1638; baseline -0.034 0"><span class='ocrx_word' id='word_1_396' title='bbox 876 1628 935 1638; x_wconf 76' lang='lat'>—-—</span> 
     </span>
    </p>
   </div>
   <div class='ocr_carea' id='block_1_12' title="bbox 803 1694 1018 1746">
    <p class='ocr_par' dir='ltr' id='par_1_15' title="bbox 803 1694 1018 1746">
     <span class='ocr_line' id='line_1_58' title="bbox 803 1694 1018 1746; baseline -0.019 0"><span class='ocrx_word' id='word_1_397' title='bbox 803 1694 932 1746; x_wconf 82' lang='lat' dir='ltr'>CAPUT</span> <span class='ocrx_word' id='word_1_398' title='bbox 952 1694 1018 1744; x_wconf 80' lang='lat' dir='ltr'>XX.</span> 
     </span>
    </p>
   </div>
   <div class='ocr_carea' id='block_1_13' title="bbox 640 1791 1173 2414">
    <p class='ocr_par' dir='ltr' id='par_1_16' title="bbox 640 1791 1173 2414">
     <span class='ocr_line' id='line_1_59' title="bbox 640 1791 1173 1840; baseline 0.006 -13"><span class='ocrx_word' id='word_1_399' title='bbox 640 1791 694 1828; x_wconf 85' lang='lat' dir='ltr'>Petit</span> <span class='ocrx_word' id='word_1_400' title='bbox 712 1801 796 1840; x_wconf 84' lang='lat' dir='ltr'>preces,</span> <span class='ocrx_word' id='word_1_401' title='bbox 814 1792 949 1839; x_wconf 84' lang='lat' dir='ltr'>piscationem</span> <span class='ocrx_word' id='word_1_402' title='bbox 969 1802 1029 1828; x_wconf 79' lang='lat' dir='ltr'>suam</span> <span class='ocrx_word' id='word_1_403' title='bbox 1046 1801 1173 1839; x_wconf 74' lang='lat' dir='ltr'>cognoscens</span> 
     </span>
     <span class='ocr_line' id='line_1_60' title="bbox 662 1846 1172 1892; baseline -0.002 -11"><span class='ocrx_word' id='word_1_404' title='bbox 662 1855 784 1892; x_wconf 84' lang='lat' dir='ltr'>prosperam</span> <span class='ocrx_word' id='word_1_405' title='bbox 799 1856 840 1882; x_wconf 80' lang='lat' dir='ltr'>esse</span> <span class='ocrx_word' id='word_1_406' title='bbox 859 1855 901 1881; x_wconf 92' lang='lat' dir='ltr'>non</span> <span class='ocrx_word' id='word_1_407' title='bbox 912 1855 968 1891; x_wconf 80' lang='lat' dir='ltr'>posse</span> <span class='ocrx_word' id='word_1_408' title='bbox 980 1847 1023 1881; x_wconf 89' lang='lat' dir='ltr'>sine</span> <span class='ocrx_word' id='word_1_409' title='bbox 1038 1846 1110 1881; x_wconf 73' lang='lat' dir='ltr'>tavare</span> <span class='ocrx_word' id='word_1_410' title='bbox 1120 1846 1172 1889; x_wconf 83' lang='lat' dir='ltr'>Dei,</span> 
     </span>
     <span class='ocr_line' id='line_1_61' title="bbox 665 1898 1171 1944; baseline 0 -11"><span class='ocrx_word' id='word_1_411' title='bbox 665 1899 702 1933; x_wconf 90' lang='lat' dir='ltr'>cui</span> <span class='ocrx_word' id='word_1_412' title='bbox 717 1899 793 1944; x_wconf 78' lang='lat' dir='ltr'>gratias</span> <span class='ocrx_word' id='word_1_413' title='bbox 801 1898 860 1944; x_wconf 91' lang='lat' dir='ltr'>quod</span> <span class='ocrx_word' id='word_1_414' title='bbox 876 1899 915 1933; x_wconf 85' lang='lat' dir='ltr'>sibi</span> <span class='ocrx_word' id='word_1_415' title='bbox 926 1898 1031 1933; x_wconf 83' lang='lat' dir='ltr'>auxilium</span> <span class='ocrx_word' id='word_1_416' title='bbox 1045 1899 1130 1933; x_wconf 87' lang='lat' dir='ltr'>nrittere</span> <span class='ocrx_word' id='word_1_417' title='bbox 1145 1898 1171 1933; x_wconf 85' lang='lat' dir='ltr'>sit</span> 
     </span>
     <span class='ocr_line' id='line_1_62' title="bbox 664 1950 1170 1996; baseline -0.004 -10"><span class='ocrx_word' id='word_1_418' title='bbox 664 1951 768 1996; x_wconf 73' lang='lat' dir='ltr'>dignatus,</span> <span class='ocrx_word' id='word_1_419' title='bbox 778 1952 827 1996; x_wconf 73' lang='lat' dir='ltr'>agit.</span> <span class='ocrx_word' id='word_1_420' title='bbox 835 1950 909 1987; x_wconf 82' lang='lat' dir='ltr'>Suissa</span> <span class='ocrx_word' id='word_1_421' title='bbox 918 1951 1000 1985; x_wconf 87' lang='lat' dir='ltr'>retibus</span> <span class='ocrx_word' id='word_1_422' title='bbox 1007 1959 1049 1985; x_wconf 92' lang='lat' dir='ltr'>non</span> <span class='ocrx_word' id='word_1_423' title='bbox 1060 1951 1093 1985; x_wconf 93' lang='lat' dir='ltr'>uti</span> <span class='ocrx_word' id='word_1_424' title='bbox 1102 1951 1170 1996; x_wconf 70' lang='lat' dir='ltr'>signi-</span> 
     </span>
     <span class='ocr_line' id='line_1_63' title="bbox 665 2003 1170 2049; baseline -0.006 -9"><span class='ocrx_word' id='word_1_425' title='bbox 665 2005 729 2049; x_wconf 84' lang='lat' dir='ltr'>ficat,</span> <span class='ocrx_word' id='word_1_426' title='bbox 745 2005 782 2041; x_wconf 87' lang='lat' dir='ltr'>scd</span> <span class='ocrx_word' id='word_1_427' title='bbox 798 2005 857 2040; x_wconf 85' lang='lat' dir='ltr'>Petri</span> <span class='ocrx_word' id='word_1_428' title='bbox 870 2008 890 2040; x_wconf 88' lang='lat' dir='ltr'>et</span> <span class='ocrx_word' id='word_1_429' title='bbox 905 2003 980 2048; x_wconf 86' lang='lat' dir='ltr'>Pauli,</span> <span class='ocrx_word' id='word_1_430' title='bbox 994 2014 1005 2038; x_wconf 91' lang='lat' dir='ltr'>a</span> <span class='ocrx_word' id='word_1_431' title='bbox 1020 2003 1099 2048; x_wconf 84' lang='lat' dir='ltr'>quibus</span> <span class='ocrx_word' id='word_1_432' title='bbox 1114 2007 1170 2049; x_wconf 85' lang='lat' dir='ltr'>optat</span> 
     </span>
     <span class='ocr_line' id='line_1_64' title="bbox 664 2055 1171 2104; baseline -0.002 -12"><span class='ocrx_word' id='word_1_433' title='bbox 664 2057 759 2104; x_wconf 71' lang='lat' dir='ltr'>virgines</span> <span class='ocrx_word' id='word_1_434' title='bbox 781 2058 893 2094; x_wconf 75' lang='lat' dir='ltr'>vivificari.</span> <span class='ocrx_word' id='word_1_435' title='bbox 912 2057 984 2104; x_wconf 83' lang='lat' dir='ltr'>Quam</span> <span class='ocrx_word' id='word_1_436' title='bbox 1002 2057 1055 2092; x_wconf 86' lang='lat' dir='ltr'>utile</span> <span class='ocrx_word' id='word_1_437' title='bbox 1076 2055 1171 2091; x_wconf 83' lang='lat' dir='ltr'>iohanni</span> 
     </span>
     <span class='ocr_line' id='line_1_65' title="bbox 664 2109 1171 2158; baseline -0.004 -12"><span class='ocrx_word' id='word_1_438' title='bbox 664 2111 730 2147; x_wconf 86' lang='lat' dir='ltr'>tuerit</span> <span class='ocrx_word' id='word_1_439' title='bbox 748 2111 820 2147; x_wconf 87' lang='lat' dir='ltr'>omnia</span> <span class='ocrx_word' id='word_1_440' title='bbox 830 2121 870 2158; x_wconf 86' lang='lat' dir='ltr'>pro</span> <span class='ocrx_word' id='word_1_441' title='bbox 880 2111 965 2148; x_wconf 84' lang='lat' dir='ltr'>Christo</span> <span class='ocrx_word' id='word_1_442' title='bbox 975 2109 1098 2148; x_wconf 72' lang='lat' dir='ltr'>deseruisse.</span> <span class='ocrx_word' id='word_1_443' title='bbox 1109 2110 1171 2154; x_wconf 76' lang='lat' dir='ltr'>cuius</span> 
     </span>
     <span class='ocr_line' id='line_1_66' title="bbox 662 2162 1171 2212; baseline -0.006 -11"><span class='ocrx_word' id='word_1_444' title='bbox 662 2174 750 2212; x_wconf 81' lang='lat' dir='ltr'>persona</span> <span class='ocrx_word' id='word_1_445' title='bbox 758 2174 802 2211; x_wconf 90' lang='lat' dir='ltr'>quo</span> <span class='ocrx_word' id='word_1_446' title='bbox 810 2163 852 2200; x_wconf 86' lang='lat' dir='ltr'>tuit</span> <span class='ocrx_word' id='word_1_447' title='bbox 862 2165 925 2200; x_wconf 77' lang='lat' dir='ltr'>vilior</span> <span class='ocrx_word' id='word_1_448' title='bbox 932 2190 938 2209; x_wconf 86' lang='lat'>,</span> <span class='ocrx_word' id='word_1_449' title='bbox 945 2174 969 2200; x_wconf 92' lang='lat' dir='ltr'>eo</span> <span class='ocrx_word' id='word_1_450' title='bbox 978 2164 1046 2209; x_wconf 82' lang='lat' dir='ltr'>major</span> <span class='ocrx_word' id='word_1_451' title='bbox 1056 2163 1087 2198; x_wconf 86' lang='lat' dir='ltr'>illi</span> <span class='ocrx_word' id='word_1_452' title='bbox 1096 2162 1171 2198; x_wconf 84' lang='lat' dir='ltr'>haberi</span> 
     </span>
     <span class='ocr_line' id='line_1_67' title="bbox 663 2216 1170 2267; baseline 0 -14"><span class='ocrx_word' id='word_1_453' title='bbox 663 2218 723 2254; x_wconf 87' lang='lat' dir='ltr'>debet</span> <span class='ocrx_word' id='word_1_454' title='bbox 730 2218 970 2267; x_wconf 76' lang='lat' dir='ltr'>auctoritasQuantum</span> <span class='ocrx_word' id='word_1_455' title='bbox 977 2217 1040 2254; x_wconf 87' lang='lat' dir='ltr'>etiarn</span> <span class='ocrx_word' id='word_1_456' title='bbox 1050 2216 1105 2254; x_wconf 90' lang='lat' dir='ltr'>illud</span> <span class='ocrx_word' id='word_1_457' title='bbox 1112 2217 1170 2263; x_wconf 84' lang='lat' dir='ltr'>quod</span> 
     </span>
     <span class='ocr_line' id='line_1_68' title="bbox 662 2271 1169 2319; baseline -0.002 -11"><span class='ocrx_word' id='word_1_458' title='bbox 662 2271 729 2319; x_wconf 83' lang='lat' dir='ltr'>bloysi</span> <span class='ocrx_word' id='word_1_459' title='bbox 737 2281 761 2306; x_wconf 84' lang='lat' dir='ltr'>ac</span> <span class='ocrx_word' id='word_1_460' title='bbox 770 2271 822 2307; x_wconf 78' lang='lat' dir='ltr'>Eliae</span> <span class='ocrx_word' id='word_1_461' title='bbox 828 2272 937 2317; x_wconf 81' lang='lat' dir='ltr'>piscatores</span> <span class='ocrx_word' id='word_1_462' title='bbox 945 2271 1047 2309; x_wconf 83' lang='lat' dir='ltr'>aChrislo</span> <span class='ocrx_word' id='word_1_463' title='bbox 1054 2272 1169 2308; x_wconf 82' lang='lat' dir='ltr'>sociantur.</span> 
     </span>
     <span class='ocr_line' id='line_1_69' title="bbox 663 2325 1170 2372; baseline -0.004 -10"><span class='ocrx_word' id='word_1_464' title='bbox 663 2326 747 2362; x_wconf 83' lang='lat' dir='ltr'>tiorum</span> <span class='ocrx_word' id='word_1_465' title='bbox 755 2335 807 2362; x_wconf 93' lang='lat' dir='ltr'>cum</span> <span class='ocrx_word' id='word_1_466' title='bbox 815 2325 887 2372; x_wconf 75' lang='lat' dir='ltr'>Moyse</span> <span class='ocrx_word' id='word_1_467' title='bbox 893 2326 991 2371; x_wconf 83' lang='lat' dir='ltr'>jucunda</span> <span class='ocrx_word' id='word_1_468' title='bbox 996 2325 1118 2362; x_wconf 86' lang='lat' dir='ltr'>instituitur</span> <span class='ocrx_word' id='word_1_469' title='bbox 1125 2325 1170 2361; x_wconf 86' lang='lat' dir='ltr'>eol-</span> 
     </span>
     <span class='ocr_line' id='line_1_70' title="bbox 662 2377 719 2414; baseline 0.018 -1"><span class='ocrx_word' id='word_1_470' title='bbox 662 2377 719 2414; x_wconf 86' lang='lat' dir='ltr'>latio.</span> 
     </span>
    </p>
   </div>
   <div class='ocr_carea' id='block_1_14' title="bbox 637 2448 1180 4002">
    <p class='ocr_par' dir='ltr' id='par_1_17' title="bbox 637 2448 1180 3583">
     <span class='ocr_line' id='line_1_71' title="bbox 637 2448 1172 2506; baseline -0.002 -13"><span class='ocrx_word' id='word_1_471' title='bbox 637 2478 641 2485; x_wconf 86' lang='lat'><em>-</em></span> <span class='ocrx_word' id='word_1_472' title='bbox 670 2449 724 2493; x_wconf 72' lang='lat' dir='ltr'>lut).</span> <span class='ocrx_word' id='word_1_473' title='bbox 735 2449 832 2494; x_wconf 75' lang='lat' dir='ltr'>l&#39;nnmu</span> <span class='ocrx_word' id='word_1_474' title='bbox 848 2449 937 2505; x_wconf 75' lang='lat' dir='ltr'>utiam</span> <span class='ocrx_word' id='word_1_475' title='bbox 951 2449 981 2494; x_wconf 92' lang='lat' dir='ltr'>ad</span> <span class='ocrx_word' id='word_1_476' title='bbox 992 2448 1117 2506; x_wconf 88' lang='lat' dir='ltr'>superiora</span> <span class='ocrx_word' id='word_1_477' title='bbox 1129 2460 1172 2492; x_wconf 90' lang='lat' dir='ltr'>re-</span> 
     </span>
     <span class='ocr_line' id='line_1_72' title="bbox 641 2515 1169 2573; baseline -0.004 -13"><span class='ocrx_word' id='word_1_478' title='bbox 641 2516 753 2573; x_wconf 85' lang='lat' dir='ltr'>deamus,</span> <span class='ocrx_word' id='word_1_479' title='bbox 775 2518 858 2572; x_wconf 85' lang='lat' dir='ltr'>rogate</span> <span class='ocrx_word' id='word_1_480' title='bbox 877 2519 905 2562; x_wconf 92' lang='lat' dir='ltr'>ut</span> <span class='ocrx_word' id='word_1_481' title='bbox 926 2516 952 2561; x_wconf 91' lang='lat' dir='ltr'>ct</span> <span class='ocrx_word' id='word_1_482' title='bbox 969 2516 1032 2560; x_wconf 87' lang='lat' dir='ltr'>milri</span> <span class='ocrx_word' id='word_1_483' title='bbox 1048 2515 1169 2560; x_wconf 85' lang='lat' dir='ltr'>dicatur:</span> 
     </span>
     <span class='ocr_line' id='line_1_73' title="bbox 640 2584 1171 2638; baseline -0.006 -9"><span class='ocrx_word' id='word_1_484' title='bbox 640 2587 692 2629; x_wconf 87' lang='lat' dir='ltr'>Dnc</span> <span class='ocrx_word' id='word_1_485' title='bbox 703 2585 727 2633; x_wconf 80' lang='lat' dir='ltr'>in</span> <span class='ocrx_word' id='word_1_486' title='bbox 742 2585 831 2638; x_wconf 86' lang='lat' dir='ltr'>ultum,</span> <span class='ocrx_word' id='word_1_487' title='bbox 842 2587 864 2629; x_wconf 89' lang='lat' dir='ltr'>et</span> <span class='ocrx_word' id='word_1_488' title='bbox 881 2584 962 2629; x_wconf 78' lang='lat' dir='ltr'>laxate</span> <span class='ocrx_word' id='word_1_489' title='bbox 977 2586 1037 2629; x_wconf 87' lang='lat' dir='ltr'>rctin</span> <span class='ocrx_word' id='word_1_490' title='bbox 1051 2586 1128 2628; x_wconf 84' lang='lat' dir='ltr'>cestra</span> <span class='ocrx_word' id='word_1_491' title='bbox 1145 2585 1171 2627; x_wconf 88' lang='lat' dir='ltr'>in</span> 
     </span>
     <span class='ocr_line' id='line_1_74' title="bbox 642 2647 1170 2709; baseline -0.008 -13"><span class='ocrx_word' id='word_1_492' title='bbox 642 2654 772 2709; x_wconf 86' lang='lat' dir='ltr'>cnptnrnm.</span> <span class='ocrx_word' id='word_1_493' title='bbox 785 2651 845 2708; x_wconf 89' lang='lat' dir='ltr'>Quis</span> <span class='ocrx_word' id='word_1_494' title='bbox 854 2651 920 2696; x_wconf 89' lang='lat' dir='ltr'>enim</span> <span class='ocrx_word' id='word_1_495' title='bbox 936 2651 987 2707; x_wconf 91' lang='lat' dir='ltr'>cst,</span> <span class='ocrx_word' id='word_1_496' title='bbox 999 2647 1106 2707; x_wconf 81' lang='lat' dir='ltr'>quisine</span> <span class='ocrx_word' id='word_1_497' title='bbox 1118 2649 1170 2693; x_wconf 88' lang='lat' dir='ltr'>Deo</span> 
     </span>
     <span class='ocr_line' id='line_1_75' title="bbox 641 2717 1171 2776; baseline -0.006 -13"><span class='ocrx_word' id='word_1_498' title='bbox 641 2719 750 2776; x_wconf 88' lang='lat' dir='ltr'>piscetur</span> <span class='ocrx_word' id='word_1_499' title='bbox 761 2719 823 2764; x_wconf 92' lang='lat' dir='ltr'>hanc</span> <span class='ocrx_word' id='word_1_500' title='bbox 839 2719 951 2776; x_wconf 69' lang='lat' dir='ltr'>plebem,</span> <span class='ocrx_word' id='word_1_501' title='bbox 964 2717 1098 2775; x_wconf 68' lang='lat' dir='ltr'>praesertim</span> <span class='ocrx_word' id='word_1_502' title='bbox 1115 2730 1171 2762; x_wconf 91' lang='lat' dir='ltr'>curn</span> 
     </span>
     <span class='ocr_line' id='line_1_76' title="bbox 642 2785 1170 2846; baseline -0.002 -15"><span class='ocrx_word' id='word_1_503' title='bbox 642 2789 714 2834; x_wconf 63' lang='lat' dir='ltr'>tantae</span> <span class='ocrx_word' id='word_1_504' title='bbox 731 2789 889 2846; x_wconf 88' lang='lat' dir='ltr'>tempestates</span> <span class='ocrx_word' id='word_1_505' title='bbox 908 2787 933 2831; x_wconf 88' lang='lat' dir='ltr'>et</span> <span class='ocrx_word' id='word_1_506' title='bbox 951 2786 1066 2844; x_wconf 81' lang='lat' dir='ltr'>procellae</span> <span class='ocrx_word' id='word_1_507' title='bbox 1084 2785 1170 2830; x_wconf 89' lang='lat' dir='ltr'>mundi</span> 
     </span>
     <span class='ocr_line' id='line_1_77' title="bbox 642 2852 1171 2911; baseline 0 -14"><span class='ocrx_word' id='word_1_508' title='bbox 642 2855 715 2911; x_wconf 84' lang='lat' dir='ltr'>bnjds</span> <span class='ocrx_word' id='word_1_509' title='bbox 728 2854 860 2901; x_wconf 76' lang='lat' dir='ltr'>obsistant?</span> <span class='ocrx_word' id='word_1_510' title='bbox 875 2853 924 2899; x_wconf 87' lang='lat' dir='ltr'>Sed</span> <span class='ocrx_word' id='word_1_511' title='bbox 938 2852 1035 2911; x_wconf 91' lang='lat' dir='ltr'>quaudo</span> <span class='ocrx_word' id='word_1_512' title='bbox 1053 2853 1107 2898; x_wconf 78' lang='lat' dir='ltr'>vult</span> <span class='ocrx_word' id='word_1_513' title='bbox 1123 2855 1171 2897; x_wconf 93' lang='lat' dir='ltr'>Do-</span> 
     </span>
     <span class='ocr_line' id='line_1_78' title="bbox 641 2923 1171 2981; baseline -0.002 -12"><span class='ocrx_word' id='word_1_514' title='bbox 641 2925 736 2981; x_wconf 83' lang='lat' dir='ltr'>minus,</span> <span class='ocrx_word' id='word_1_515' title='bbox 751 2925 822 2981; x_wconf 86' lang='lat' dir='ltr'>jubet</span> <span class='ocrx_word' id='word_1_516' title='bbox 838 2925 921 2970; x_wconf 79' lang='lat' dir='ltr'>laxare</span> <span class='ocrx_word' id='word_1_517' title='bbox 940 2923 1017 2978; x_wconf 90' lang='lat' dir='ltr'>retia,</span> <span class='ocrx_word' id='word_1_518' title='bbox 1034 2923 1059 2968; x_wconf 90' lang='lat' dir='ltr'>et</span> <span class='ocrx_word' id='word_1_519' title='bbox 1077 2923 1171 2981; x_wconf 91' lang='lat' dir='ltr'>capitur</span> 
     </span>
     <span class='ocr_line' id='line_1_79' title="bbox 641 2991 1171 3051; baseline 0 -14"><span class='ocrx_word' id='word_1_520' title='bbox 641 2993 773 3039; x_wconf 89' lang='lat' dir='ltr'>multitudo</span> <span class='ocrx_word' id='word_1_521' title='bbox 784 2993 889 3051; x_wconf 87' lang='lat' dir='ltr'>piscium</span> <span class='ocrx_word' id='word_1_522' title='bbox 901 3005 907 3035; x_wconf 90' lang='lat'><strong>:</strong></span> <span class='ocrx_word' id='word_1_523' title='bbox 920 3004 965 3037; x_wconf 89' lang='lat' dir='ltr'>nec</span> <span class='ocrx_word' id='word_1_524' title='bbox 974 2991 1052 3037; x_wconf 86' lang='lat' dir='ltr'>solum</span> <span class='ocrx_word' id='word_1_525' title='bbox 1062 3004 1119 3049; x_wconf 89' lang='lat' dir='ltr'>una,</span> <span class='ocrx_word' id='word_1_526' title='bbox 1127 2993 1171 3038; x_wconf 90' lang='lat' dir='ltr'>sed</span> 
     </span>
     <span class='ocr_line' id='line_1_80' title="bbox 642 3060 1172 3119; baseline -0.002 -13"><span class='ocrx_word' id='word_1_527' title='bbox 642 3060 1172 3119; x_wconf 77' lang='lat' dir='ltr'>etiamalternnarisimpletur3qulaplures</span> 
     </span>
     <span class='ocr_line' id='line_1_81' title="bbox 641 3129 1170 3187; baseline 0.002 -13"><span class='ocrx_word' id='word_1_528' title='bbox 641 3131 755 3177; x_wconf 81' lang='lat' dir='ltr'>Ecclesiae</span> <span class='ocrx_word' id='word_1_529' title='bbox 764 3131 918 3176; x_wconf 86' lang='lat' dir='ltr'>immaculata</span> <span class='ocrx_word' id='word_1_530' title='bbox 929 3129 1001 3187; x_wconf 87' lang='lat' dir='ltr'>plebe</span> <span class='ocrx_word' id='word_1_531' title='bbox 1008 3130 1170 3186; x_wconf 86' lang='lat' dir='ltr'>complentur.</span> 
     </span>
     <span class='ocr_line' id='line_1_82' title="bbox 641 3197 1171 3256; baseline -0.004 -12"><span class='ocrx_word' id='word_1_532' title='bbox 641 3201 670 3244; x_wconf 82' lang='lat' dir='ltr'>nt</span> <span class='ocrx_word' id='word_1_533' title='bbox 686 3200 750 3245; x_wconf 89' lang='lat' dir='ltr'>bene</span> <span class='ocrx_word' id='word_1_534' title='bbox 769 3199 858 3246; x_wconf 90' lang='lat' dir='ltr'>accidit</span> <span class='ocrx_word' id='word_1_535' title='bbox 875 3199 934 3256; x_wconf 86' lang='lat' dir='ltr'>quia</span> <span class='ocrx_word' id='word_1_536' title='bbox 955 3210 1000 3242; x_wconf 90' lang='lat' dir='ltr'>nos</span> <span class='ocrx_word' id='word_1_537' title='bbox 1020 3197 1171 3243; x_wconf 80' lang='lat' dir='ltr'>laboraturos</span> 
     </span>
     <span class='ocr_line' id='line_1_83' title="bbox 641 3265 1172 3323; baseline -0.006 -12"><span class='ocrx_word' id='word_1_538' title='bbox 641 3268 758 3313; x_wconf 92' lang='lat' dir='ltr'>Dominus</span> <span class='ocrx_word' id='word_1_539' title='bbox 769 3268 876 3323; x_wconf 81' lang='lat' dir='ltr'>sciebat,</span> <span class='ocrx_word' id='word_1_540' title='bbox 888 3266 1040 3311; x_wconf 81' lang='lat' dir='ltr'>etauxilium</span> <span class='ocrx_word' id='word_1_541' title='bbox 1057 3265 1086 3310; x_wconf 93' lang='lat' dir='ltr'>de</span> <span class='ocrx_word' id='word_1_542' title='bbox 1098 3266 1172 3309; x_wconf 89' lang='lat' dir='ltr'>sociis</span> 
     </span>
     <span class='ocr_line' id='line_1_84' title="bbox 641 3331 1172 3387; baseline -0.008 -9"><span class='ocrx_word' id='word_1_543' title='bbox 641 3334 797 3378; x_wconf 84' lang='lat' dir='ltr'>ministravit.</span> <span class='ocrx_word' id='word_1_544' title='bbox 810 3331 994 3387; x_wconf 74' lang='lat' dir='ltr'>Adestpiscator</span> <span class='ocrx_word' id='word_1_545' title='bbox 1002 3332 1116 3376; x_wconf 75' lang='lat' dir='ltr'>Ecclesia</span> <span class='ocrx_word' id='word_1_546' title='bbox 1125 3334 1172 3374; x_wconf 79' lang='lat' dir='ltr'>lto·</span> 
     </span>
     <span class='ocr_line' id='line_1_85' title="bbox 643 3398 1180 3456; baseline -0.002 -12"><span class='ocrx_word' id='word_1_547' title='bbox 643 3399 780 3445; x_wconf 79' lang='lat' dir='ltr'>noniensls⁸</span> <span class='ocrx_word' id='word_1_548' title='bbox 789 3403 860 3456; x_wconf 90' lang='lat' dir='ltr'>aptus</span> <span class='ocrx_word' id='word_1_549' title='bbox 871 3399 901 3442; x_wconf 93' lang='lat' dir='ltr'>ad</span> <span class='ocrx_word' id='word_1_550' title='bbox 910 3398 955 3442; x_wconf 93' lang='lat' dir='ltr'>hoc</span> <span class='ocrx_word' id='word_1_551' title='bbox 963 3398 1074 3455; x_wconf 83' lang='lat' dir='ltr'>piscandi</span> <span class='ocrx_word' id='word_1_552' title='bbox 1085 3411 1180 3454; x_wconf 77' lang='lat' dir='ltr'>genus,</span> 
     </span>
     <span class='ocr_line' id='line_1_86' title="bbox 644 3466 1172 3525; baseline 0 -13"><span class='ocrx_word' id='word_1_553' title='bbox 644 3470 686 3524; x_wconf 88' lang='lat' dir='ltr'>Da,</span> <span class='ocrx_word' id='word_1_554' title='bbox 699 3468 817 3524; x_wconf 89' lang='lat' dir='ltr'>Domine,</span> <span class='ocrx_word' id='word_1_555' title='bbox 829 3467 921 3524; x_wconf 88' lang='lat' dir='ltr'>pisces;</span> <span class='ocrx_word' id='word_1_556' title='bbox 933 3466 991 3525; x_wconf 88' lang='lat' dir='ltr'>quia</span> <span class='ocrx_word' id='word_1_557' title='bbox 1002 3466 1091 3512; x_wconf 91' lang='lat' dir='ltr'>dedisti</span> <span class='ocrx_word' id='word_1_558' title='bbox 1101 3466 1172 3524; x_wconf 83' lang='lat' dir='ltr'>adju-</span> 
     </span>
     <span class='ocr_line' id='line_1_87' title="bbox 643 3538 717 3583; baseline 0.027 -2"><span class='ocrx_word' id='word_1_559' title='bbox 643 3538 717 3583; x_wconf 85' lang='lat' dir='ltr'>tores.</span> 
     </span>
    </p>

    <p class='ocr_par' dir='ltr' id='par_1_18' title="bbox 643 3600 1172 4002">
     <span class='ocr_line' id='line_1_88' title="bbox 674 3600 1171 3661; baseline -0.006 -11"><span class='ocrx_word' id='word_1_560' title='bbox 674 3606 726 3650; x_wconf 69' lang='lat' dir='ltr'>iso.</span> <span class='ocrx_word' id='word_1_561' title='bbox 750 3605 798 3650; x_wconf 79' lang='lat' dir='ltr'>Nec</span> <span class='ocrx_word' id='word_1_562' title='bbox 826 3608 908 3650; x_wconf 86' lang='lat' dir='ltr'>tamen</span> <span class='ocrx_word' id='word_1_563' title='bbox 928 3602 1032 3661; x_wconf 90' lang='lat' dir='ltr'>nostris,</span> <span class='ocrx_word' id='word_1_564' title='bbox 1054 3600 1098 3649; x_wconf 90' lang='lat' dir='ltr'>sed</span> <span class='ocrx_word' id='word_1_565' title='bbox 1112 3614 1171 3660; x_wconf 86' lang='lat' dir='ltr'>apo-</span> 
     </span>
     <span class='ocr_line' id='line_1_89' title="bbox 643 3671 1172 3726; baseline -0.006 -10"><span class='ocrx_word' id='word_1_566' title='bbox 643 3672 734 3716; x_wconf 87' lang='lat' dir='ltr'>stolicis</span> <span class='ocrx_word' id='word_1_567' title='bbox 750 3672 843 3715; x_wconf 89' lang='lat' dir='ltr'>utimur</span> <span class='ocrx_word' id='word_1_568' title='bbox 858 3671 960 3716; x_wconf 90' lang='lat' dir='ltr'>retibus.</span> <span class='ocrx_word' id='word_1_569' title='bbox 979 3672 1006 3715; x_wconf 91' lang='lat' dir='ltr'>tn</span> <span class='ocrx_word' id='word_1_570' title='bbox 1018 3671 1073 3715; x_wconf 92' lang='lat' dir='ltr'>illos</span> <span class='ocrx_word' id='word_1_571' title='bbox 1089 3671 1172 3726; x_wconf 86' lang='lat' dir='ltr'>sinus,</span> 
     </span>
     <span class='ocr_line' id='line_1_90' title="bbox 644 3738 1171 3797; baseline -0.006 -13"><span class='ocrx_word' id='word_1_572' title='bbox 644 3741 669 3784; x_wconf 89' lang='lat' dir='ltr'>ct</span> <span class='ocrx_word' id='word_1_573' title='bbox 688 3738 805 3796; x_wconf 91' lang='lat' dir='ltr'>quosdam</span> <span class='ocrx_word' id='word_1_574' title='bbox 821 3739 1007 3797; x_wconf 89' lang='lat' dir='ltr'>apostolicarum</span> <span class='ocrx_word' id='word_1_575' title='bbox 1027 3738 1171 3796; x_wconf 87' lang='lat' dir='ltr'>disputatio-</span> 
     </span>
     <span class='ocr_line' id='line_1_91' title="bbox 643 3806 1172 3869; baseline -0.002 -17"><span class='ocrx_word' id='word_1_576' title='bbox 643 3820 702 3853; x_wconf 92' lang='lat' dir='ltr'>num</span> <span class='ocrx_word' id='word_1_577' title='bbox 713 3818 822 3852; x_wconf 88' lang='lat' dir='ltr'>recessus</span> <span class='ocrx_word' id='word_1_578' title='bbox 833 3809 973 3864; x_wconf 84' lang='lat' dir='ltr'>restrum,o</span> <span class='ocrx_word' id='word_1_579' title='bbox 987 3806 1057 3869; x_wconf 83' lang='lat' dir='ltr'>tiliae,</span> <span class='ocrx_word' id='word_1_580' title='bbox 1073 3807 1172 3864; x_wconf 83' lang='lat' dir='ltr'>cogatur</span> 
     </span>
     <span class='ocr_line' id='line_1_92' title="bbox 644 3874 1171 3934; baseline -0.002 -13"><span class='ocrx_word' id='word_1_581' title='bbox 644 3887 740 3934; x_wconf 78' lang='lat' dir='ltr'>agmen.</span> <span class='ocrx_word' id='word_1_582' title='bbox 750 3874 863 3921; x_wconf 86' lang='lat' dir='ltr'>vivificet</span> <span class='ocrx_word' id='word_1_583' title='bbox 876 3887 917 3921; x_wconf 86' lang='lat' dir='ltr'>vos</span> <span class='ocrx_word' id='word_1_584' title='bbox 930 3876 1032 3934; x_wconf 87' lang='lat' dir='ltr'>Petrus,</span> <span class='ocrx_word' id='word_1_585' title='bbox 1043 3875 1099 3921; x_wconf 71' lang='lat' dir='ltr'>tiliae</span> <span class='ocrx_word' id='word_1_586' title='bbox 1110 3887 1117 3919; x_wconf 77' lang='lat' dir='ltr'>t</span> <span class='ocrx_word' id='word_1_587' title='bbox 1128 3874 1171 3932; x_wconf 89' lang='lat' dir='ltr'>qui</span> 
     </span>
     <span class='ocr_line' id='line_1_93' title="bbox 644 3942 1171 4002; baseline -0.002 -13"><span class='ocrx_word' id='word_1_588' title='bbox 644 3946 669 3989; x_wconf 90' lang='lat' dir='ltr'>et</span> <span class='ocrx_word' id='word_1_589' title='bbox 681 3956 723 4002; x_wconf 93' lang='lat' dir='ltr'>pro</span> <span class='ocrx_word' id='word_1_590' title='bbox 735 3942 810 3988; x_wconf 81' lang='lat' dir='ltr'>vidua</span> <span class='ocrx_word' id='word_1_591' title='bbox 821 3942 972 4002; x_wconf 85' lang='lat' dir='ltr'>intervenit,</span> <span class='ocrx_word' id='word_1_592' title='bbox 990 3945 1081 4002; x_wconf 86' lang='lat' dir='ltr'>quanto</span> <span class='ocrx_word' id='word_1_593' title='bbox 1094 3942 1171 4000; x_wconf 79' lang='lat' dir='ltr'>nragis</span> 
     </span>
    </p>
   </div>
   <div class='ocr_carea' id='block_1_15' title="bbox 666 4043 1092 4091">
    <p class='ocr_par' dir='ltr' id='par_1_19' title="bbox 666 4043 1092 4091">
     <span class='ocr_line' id='line_1_94' title="bbox 666 4043 1092 4091; baseline -0.005 -8"><span class='ocrx_word' id='word_1_594' title='bbox 666 4045 703 4083; x_wconf 86' lang='lat' dir='ltr'>&#39;S.</span> <span class='ocrx_word' id='word_1_595' title='bbox 717 4045 829 4089; x_wconf 59' lang='lat' dir='ltr'>persensus,</span> <span class='ocrx_word' id='word_1_596' title='bbox 839 4043 944 4091; x_wconf 80' lang='lat' dir='ltr'>episeopus</span> <span class='ocrx_word' id='word_1_597' title='bbox 951 4043 1092 4081; x_wconf 81' lang='lat' dir='ltr'>Bononiensis.</span> 
     </span>
    </p>
   </div>
   <div class='ocr_carea' id='block_1_16' title="bbox 0 0 1380 4814">
    <p class='ocr_par' dir='ltr' id='par_1_20' title="bbox 0 0 1380 4814">
     <span class='ocr_line' id='line_1_95' title="bbox 0 0 1380 4814; baseline 0 0"><span class='ocrx_word' id='word_1_598' title='bbox 0 0 1380 4814; x_wconf 95' lang='lat' dir='ltr'> </span> 
     </span>
    </p>
   </div>
  </div>
 </body>
</html>
