2752 4814
405 380 861 450 neclesuvrnclurs,n1nnn
877 398 973 442 uuus.
1187 393 1234 443 aas

148 479 234 529 muisti
246 480 287 528 ubi
298 481 411 528 uenerat
429 480 517 539 timor,
533 471 581 527 nisi
595 479 623 526 ut
640 479 679 527 la-
704 478 742 525 ter
760 478 888 536 restitisti,
899 478 943 526 sed
962 476 987 524 et
1005 475 1170 524 revelationes
1188 475 1233 524 tibi

148 549 226 595 cende
252 547 346 595 crimen
371 559 430 594 curn
458 547 571 594 adultero
590 545 679 606 saepius
703 546 772 595 datas
782 546 870 594 dixisti
885 545 1019 594 terribiles.

148 614 353 663 sociarerislllsto
363 616 456 673 autem,
467 616 545 675 pudor
552 614 680 675 prohibuit
735 615 773 662 l8.
785 616 813 661 ln
825 614 943 674 qnantum
962 626 1019 673 ergo
1029 612 1077 660 sibl
1094 609 1233 660 mercedem

149 684 274 744 confiteri3
283 685 342 745 quid
351 683 381 732 de
390 685 496 732 secunda
505 684 678 731 commixtione
704 682 835 741 sperabant
841 694 874 728 ex
882 693 912 730 eo
922 680 987 740 qnod
996 681 1039 728 tuo
1049 679 1173 740 proposito
1184 689 1234 725 non

148 751 293 811 dicis‚quid
310 753 341 800 de
353 753 437 811 tertia,
445 752 505 812 quid
515 752 546 799 de
555 751 678 812 frequenti
703 749 862 809 restiterunt,
883 749 910 795 in
928 748 1023 796 tantum
1039 747 1087 796 tibl
1107 746 1233 806 intellige,

149 820 294 866 commercio
317 818 454 868 toeditatist
475 820 574 878 Cesset,
600 821 679 866 cesset
703 819 806 877 misem,
821 817 918 877 pondus
937 816 1160 875 iudiciicrescere3
1175 814 1234 874 quta

146 889 198 946 iam
209 888 336 935 violentie
349 885 504 948 figmentum,
515 887 595 936 cesset
604 888 679 934 rubo-
703 898 752 934 non
762 885 866 933 serrasti
876 884 941 945 qnod
950 883 1016 939 ultro
1024 881 1234 943 promisistiQul·

148 956 182 1002 ris
202 957 387 1016 argumentum
409 956 453 1003 ubi
471 956 546 1004 toties
568 957 677 1003 membra
703 954 751 1000 bus
764 955 790 1001 te
808 952 882 1012 spiris
899 950 1056 1012 serpensille
1067 950 1234 1010 nequissimus

148 1023 570 1083 illadicatacnristo‚scelestissimo
582 1024 678 1070 moecbo
703 1019 840 1080 obligavit?
858 1018 952 1077 Quibus
972 1018 998 1064 te
1021 1016 1126 1064 venenis
1147 1015 1234 1062 intecit

147 1090 198 1138 suis
208 1090 343 1138 visceribus
354 1091 489 1151 polluenda
499 1092 637 1150 praebuisti.
703 1087 762 1147 ille,
782 1088 826 1146 qni
845 1089 919 1135 Evam
941 1085 1056 1144 decepit3
1072 1084 1101 1130 ut
1120 1083 1187 1130 tanta
1206 1083 1232 1129 te
1280 1147 1282 1150 Α

178 1155 215 1204 ll.
236 1158 340 1218 llorret,
360 1158 447 1205 horret
472 1158 583 1216 animm,
608 1170 679 1206 mens
702 1155 812 1203 caecitate
822 1154 972 1214 percuteret,
981 1151 1075 1200 tantam
1086 1149 1173 1197 animae
1184 1150 1233 1197 tuae

146 1226 260 1285 tebescit,
269 1239 325 1273 cum
336 1226 368 1273 ad
378 1226 474 1273 aditum
485 1227 585 1274 sceleris
592 1238 678 1286 perve-
703 1223 799 1271 iaceret
807 1221 972 1270 oblivionemt

146 1293 222 1342 nitur.
242 1296 302 1341 Nam
318 1296 344 1342 et
356 1294 470 1342 medicus
480 1295 591 1354 quamvis
608 1295 678 1343 tortis
931 1324 1005 1339 ...-

146 1362 180 1408 sit
190 1363 285 1420 animo,
296 1374 353 1410 cum
363 1363 438 1410 altius
447 1363 531 1409 tamen
546 1362 613 1410 secat
622 1365 676 1410 vnl-
873 1392 1000 1446 CAPUT
1019 1391 1047 1440 v

146 1438 210 1486 nus,
227 1429 288 1486 puto
309 1440 342 1476 ex
357 1429 428 1489 parte
444 1430 527 1489 aliqua
546 1430 678 1478 sustinebit
1050 1421 1056 1440 ⁶

148 1496 282 1543 horrorem.
291 1496 347 1545 fleu
355 1496 549 1557 ped’ditd,jflmne
557 1497 677 1558 intelligis
701 1500 727 1538 In
737 1501 865 1541 memoriam
877 1502 898 1540 el
910 1504 1008 1547 revocat,
1016 1511 1061 1549 qno
1069 1501 1115 1547 die,
1125 1509 1169 1548 quo
1178 1501 1232 1546 rllu,

146 1575 232 1610 omnes
243 1563 288 1610 tibi
300 1565 353 1610 vias
361 1565 524 1611 excusationis
530 1566 676 1614 omnimodis
700 1558 706 1571 '
723 1565 793 1603 quove
806 1555 880 1604 P⁰P¹¹¹¹
894 1565 1001 1594 concursu
1014 1558 1094 1594 naenia
1103 1552 1232 1598 ‘⁰⁰¹¹'·³‘¹·

146 1630 428 1680 clausastlamnesentis
437 1633 675 1692 quantumlibimali
723 1613 775 1650 ‘¹⁰⁰⁸
785 1615 911 1661 angulosus
926 1613 946 1650 ⁰¹
960 1610 1232 1694 ¹³⁰¹¹¹J⁸Pf⁰f¹¹¹¹⁶⁰¹¹⁶ff²¹¹¹'

148 1701 173 1748 et
187 1701 315 1760 incarne,
327 1700 353 1748 et
365 1700 392 1748 in
402 1701 483 1748 anima
493 1700 588 1749 nefaria
598 1702 676 1750 libido
721 1669 1232 1773 ἓξὲᾚζζζᾋῗξζῃᾞῃῗξξξᾎρΕζξῆῗξῗιὸἔξζᾞ

145 1767 294 1819 contulerit}
722 1777 866 1824 objeettonem
878 1787 905 1814 ex
913 1776 1007 1824 Apostoli
1014 1776 1085 1813 verbis
1093 1775 1179 1822 petitam
1187 1773 1231 1812 sol·

177 1837 216 1882 rs.
222 1837 275 1883 Non
285 1836 356 1884 istam
365 1837 396 1885 de
407 1839 433 1886 te
442 1838 610 1886 confusionem
618 1837 675 1885 tuns
722 1829 760 1866 ”¹¹-

147 1904 337 1963 exspectaverat
345 1905 433 1964 pater,
444 1905 488 1964 qui
498 1907 523 1952 te
534 1905 581 1953 sibl
592 1905 675 1963 singu·
724 1906 771 1955 le.
789 1908 846 1955 lton
864 1919 892 1954 es
911 1904 1046 1954 memorata
1066 1904 1118 1952 dlei
1141 1902 1231 1952 sancte

146 1973 223 2019 larem
241 1971 341 2031 gloriam
362 1971 528 2032 computabat.
545 1972 597 2018 llon
608 1972 674 2019 hunc
699 1974 835 2022 Dominieae
849 1973 1036 2022 resurrectionis
1052 1970 1230 2031 inquodirino

146 2039 254 2098 luctum,
263 2040 288 2086 et
295 2039 340 2085 bas
348 2040 468 2098 lacrymas
476 2051 509 2085 ex
516 2041 542 2086 te
551 2039 599 2085 sibi
607 2041 674 2088 nasci
699 2043 771 2090 altari
784 2042 810 2090 te
826 2041 935 2089 obtulisti
950 2039 1094 2089 velandam?
1104 2041 1132 2085 ln
1148 2038 1229 2094 muto,

146 2108 188 2154 tua
204 2106 342 2154 crediderat
356 2107 451 2166 mater,
465 2120 520 2167 quae
537 2107 621 2166 partus
634 2109 672 2154 sui
698 2110 797 2171 tamque
805 2109 910 2159 solemni
920 2109 1043 2156 conventu
1053 2106 1166 2155 Ecclesiae
1173 2105 1229 2164 Dei,

146 2173 265 2231 gemitum
276 2185 321 2234 per
331 2173 399 2219 tuam
410 2174 578 2233 virginitatem
589 2186 674 2222 conso·
698 2173 764 2226 inter
778 2180 873 2226 lumina
888 2176 1067 2237 neophytorum
1087 2173 1228 2236 splendida,

146 2242 252 2289 labatur.
267 2242 318 2288 Non
336 2241 424 2289 iratres
439 2242 492 2300 tui,
511 2254 560 2288 non
580 2254 673 2291 sorores
697 2246 764 2296 inter
779 2247 921 2296 candidatos
942 2245 1012 2305 regni
1030 2245 1138 2292 coelestis
1159 2245 1229 2305 quasi

145 2313 192 2359 hoc
202 2323 234 2359 ex
251 2312 276 2359 te
291 2311 398 2360 dedecus
409 2312 601 2373 exspectabant,
612 2327 672 2374 quos
697 2316 760 2376 Regi
777 2317 886 2377 nuptura
904 2326 1064 2374 processeras.
1075 2314 1127 2360 Non
1138 2325 1165 2360 es
1175 2325 1229 2360 me-

145 2392 228 2427 omnes
239 2380 308 2440 quasi
318 2393 367 2428 uno
375 2380 454 2440 gladio
463 2381 501 2428 tui
509 2382 608 2430 sceleris
618 2394 671 2442 gra-
697 2383 792 2430 morntn
807 2382 888 2442 qualis
907 2380 937 2428 ad
952 2382 977 2426 te
996 2380 1038 2429 die
1054 2380 1098 2426 illo
1116 2378 1179 2426 iacta
1191 2380 1229 2426 est
1282 2433 1284 2436 y

144 2447 209 2494 viter
219 2447 344 2495 sauciasti.
638 2448 639 2451 ’
697 2449 813 2508 allocutio
826 2463 833 2494 ε
845 2449 958 2507 Adspice,
970 2447 1030 2506 tilia,
1040 2446 1138 2493 intuere
1149 2447 1227 2504 virgo,

176 2514 213 2560 l6.
220 2512 245 2559 Si
252 2513 341 2562 fuisses
347 2516 471 2563 communi
477 2515 541 2564 sorte
547 2515 671 2576 defuncta,
697 2522 719 2567 et
730 2518 861 2565 obliviscere
878 2517 989 2577 popellum
1008 2518 1072 2562 tunm
1083 2545 1091 2570 ,
1102 2515 1124 2560 el
1133 2515 1229 2560 domurn

145 2581 276 2628 deflessent
290 2583 316 2629 te
328 2583 453 2631 modicum
463 2584 564 2643 propter
574 2584 672 2632 deside·
695 2586 772 2644 petris
788 2586 835 2641 tei,
853 2585 877 2630 et
890 2584 1033 2641 concupiscet
1051 2584 1103 2628 llere
1123 2581 1228 2627 decorem

145 2647 208 2695 rium
220 2648 334 2708 parentes
347 2662 355 2696 r
366 2651 411 2697 sed
420 2652 584 2698 exsultassent
601 2664 672 2710 gran·
698 2657 778 2713 taum5
790 2653 847 2712 qaia
857 2653 904 2711 lpse
914 2653 946 2698 est
955 2651 1071 2698 Dominus
1081 2651 1145 2696 Dens
1155 2647 1228 2696 teos?

145 2715 223 2775 diter3
236 2716 294 2775 qnia
305 2715 487 2765 immaculatam
499 2717 672 2779 praemisissent
697 2721 864 2769 deminiscere
876 2731 933 2779 ergo
943 2715 1178 2779 quantusadSponsi
1189 2717 1227 2764 tui

144 2783 277 2843 virginem,
288 2784 394 2832 bostiam
405 2786 487 2832 rivam
494 2784 607 2845 Domino,
616 2799 672 2846 pro-
697 2787 722 2835 et
733 2786 833 2834 Domini
844 2787 943 2846 nuptias
953 2783 1097 2832 convenerit
1111 2783 1225 2843 populus.

144 2850 295 2910 pitiatrioem
322 2851 442 2900 videlieet
467 2853 621 2902 delictorum.
641 2855 672 2902 dt
696 2855 800 2904 Servare
814 2856 841 2902 te
858 2846 967 2915 oportuit
986 2852 1073 2912 tidem,
1092 2864 1165 2912 quam
1181 2852 1226 2899 sub

144 2930 210 2965 nunc
224 2919 345 2980 plangunt
359 2921 497 2982 mortuam,
511 2921 537 2968 et
546 2934 595 2969 non
607 2934 672 2970 mor·
688 2924 772 2971 tantis
782 2923 886 2971 testibus
896 2921 1008 2982 pollicita
1020 2932 1062 2979 es,
1074 2931 1172 2979 semper
1185 2931 1226 2966 co-

143 2988 229 3034 tuam:
247 2987 334 3047 lugent
351 2988 449 3048 rivam,
460 2989 486 3037 et
502 3002 551 3037 non
571 2991 670 3038 viram:
696 2992 777 3051 pltare
800 2991 841 3038 cui
869 2989 1041 3048 virginitatem
1057 2987 1225 3048 spoponderis.

143 3056 264 3102 mortuam
292 3056 379 3116 utique
405 3058 482 3118 gloria
507 3058 670 3122 virginitatis,
696 3060 804 3108 Facilius
826 3057 851 3106 te
872 3057 979 3118 oportuit
1005 3057 1147 3116 sanguinem
1170 3066 1225 3102 cum

143 3120 225 3170 visam
236 3123 356 3171 dedecore
367 3125 537 3185 turpitudinis.
687 3129 785 3190 ¹spiritu
797 3128 914 3188 tundere,
926 3139 999 3188 quam
1011 3126 1114 3186 perdere
1127 3124 1226 3172 castita-

173 3190 211 3236 ll.
223 3191 302 3239 lretus
318 3193 356 3240 est
370 3195 441 3253 pater
456 3195 507 3241 suis
517 3195 669 3257 visceribus,
695 3199 745 3246 tem
756 3198 833 3245 tuam.

144 3257 274 3318 dequibus
288 3261 410 3309 seminata
422 3275 448 3309 es
460 3276 467 3308 ε
484 3265 612 3312 maledicit
627 3279 670 3313 suo
724 3265 814 3312 anun
823 3264 882 3310 tuuc
893 3263 919 3309 in
931 3263 973 3309 illo
984 3263 1025 3309 die
1036 3261 1225 3312 consecrationis

141 3326 213 3372 utero
231 3327 323 3384 mater,
343 3340 377 3373 ex
394 3341 443 3387 quo
461 3329 489 3375 in
503 3330 568 3377 banc
588 3332 671 3378 lucem
694 3330 744 3376 tuas
754 3329 870 3385 dictis‚et
878 3329 965 3373 multis
977 3338 1051 3385 super
1059 3328 1170 3374 castitate
1181 3328 1223 3373 tua

142 3392 275 3440 infeliciter
288 3394 438 3452 processisti.
449 3397 498 3443 Nec
516 3397 599 3444 tamen
617 3410 670 3444 mo-
687 3395 837 3455 'praeooniis,
845 3406 914 3441 sacro
924 3393 1047 3439 velamine
1056 3394 1120 3439 tecta
1132 3405 1171 3450 es;
1180 3392 1224 3439 ubi

143 3459 202 3505 dum
220 3459 259 3506 sui
280 3460 370 3509 doloris
390 3462 533 3523 reperiunt,
552 3465 602 3512 nisi
624 3465 670 3512 hoo
694 3463 772 3510 omnis
780 3462 885 3522 populus
893 3459 1050 3507 dotemtuam
1058 3459 1224 3517 subscribens,

142 3527 220 3573 solum
231 3527 303 3586 plane
313 3529 429 3577 videntur
439 3532 530 3580 habere
542 3533 670 3591 solatium,
694 3543 742 3579 non
766 3529 916 3588 atramento,
939 3529 982 3575 sed
1007 3527 1109 3587 spiritu,
1131 3526 1224 3587 pariter

143 3594 200 3654 quia
210 3595 236 3642 te
244 3607 291 3643 nec
301 3597 372 3656 pater
390 3600 523 3661 compulit,
534 3613 580 3648 nec
590 3600 670 3648 mater
694 3598 822 3657 clamavit,
831 3601 917 3645 Amen.
926 3597 1017 3644 Vincor
1028 3595 1155 3655 lacrymis,
1166 3605 1221 3640 cum

143 3661 222 3720 coegit
251 3662 281 3709 ut
308 3665 477 3726 virginitatem
507 3668 669 3729 profitereris,
694 3669 746 3714 baec
767 3666 883 3715 recordor
904 3679 911 3710 τ
929 3675 1080 3724 compungor
1097 3660 1221 3721 stimulis,

142 3738 214 3786 quam
230 3728 294 3775 ultro
312 3730 338 3777 et
359 3733 458 3791 proprin
469 3735 594 3782 voluntate
612 3746 669 3794 pro·
694 3745 750 3780 cum
766 3732 936 3780 naec-humana
950 3730 1068 3789 exempla
1084 3726 1220 3775 considero.

142 3792 205 3841 iesse
221 3806 257 3842 cs.
274 3796 333 3842 llam
349 3798 415 3859 scio,
435 3812 491 3846 cum
512 3802 602 3849 multas
622 3800 669 3848 tibi
693 3801 752 3846 Nam
772 3799 793 3848 si
814 3799 879 3846 inter
897 3797 985 3845 decem
1003 3796 1080 3844 testes
1104 3793 1221 3842 coniectis

142 3861 299 3911 difficultates
314 3864 372 3913 tuus
389 3869 539 3928 proponeret
558 3868 668 3930 genitor,
693 3867 829 3927 sponsaliis,
837 3860 1118 3924 nuptilsconsummatis,
1126 3860 1225 3920 quaevis.

141 3941 199 3976 cum
210 3930 314 3979 arduum
325 3944 378 3980 esse
393 3934 442 3982 lter
457 3936 581 3983 servandae
592 3937 669 3995 virgi·
692 3935 785 3983 femina
792 3935 846 3982 viro
854 3930 985 3989 coniuncta
993 3929 1099 3987 mortali,
1105 3939 1154 3976 non
1164 3927 1218 3974 sins

141 3998 225 4055 nitatis
235 3997 374 4063 ingereret3
386 4014 434 4049 non
445 4004 522 4051 solum
533 4003 667 4063 pertinaci·
693 4015 778 4064 magno
789 4001 898 4062 periculo
909 3992 1034 4060 perpetrat
1052 3996 1199 4045 adulterium
1209 4005 1218 4060 ς
