2752 4814
475 424 519 469 ns
531 425 664 477 vincis,
681 393 781 470 arnan
795 420 891 472 unus:
1178 424 1222 472 aar

143 517 193 565 mc,
202 508 227 553 ct
236 506 343 566 corporis
351 502 451 554 cernere
459 507 579 553 vilitatem
587 517 672 566 3ueuro
697 507 801 555 nistrare
810 509 895 568 possis.
907 506 932 554 Sl
942 499 1045 555 mundos
1061 499 1156 568 eosqui
1168 508 1224 555 ante

143 575 214 622 enim
224 576 303 633 magis
313 572 393 633 potest
406 574 491 621 videre
508 573 605 632 divina,
622 573 670 620 nisi
697 574 1225 639 lueranlleprosi,Christusjubetoccurrerc

143 643 187 702 qui
198 643 347 690 humilitatis
362 642 510 690 conscientia
527 655 576 689 suae
593 641 671 689 nescit
697 644 878 703 sacerdotibus,
899 645 989 703 quanto
1007 643 1084 704 magis
1105 637 1225 689 mundum

144 711 239 757 adtolli.
256 710 325 757 Alius
335 710 453 758 sacerdoti
464 722 491 757 se
509 710 597 757 otierrc
608 722 671 768 prae-
697 711 777 770 ipsum
798 712 913 759 convenit
927 725 979 760 esse
995 708 1159 760 sacerdotem?
1173 711 1226 769 lton

144 779 249 841 cipitur,
261 782 289 828 ut
305 781 425 828 carerein
435 781 583 840 perpetuum
596 780 670 838 leprae
697 779 773 841 habet
790 780 866 839 igitur
890 780 956 840 quod
975 781 1078 828 moleste
1098 779 1161 826 terat
1182 778 1225 825 illa

144 849 220 907 possit
237 849 343 897 exuviis.
360 848 430 896 Solus
452 849 518 895 enim
538 849 630 894 mentis
646 847 672 894 et
696 846 769 894 vidua
778 848 895 907 quodsibi
902 859 950 894 non
958 848 1120 908 pepercerim,
1129 847 1226 909 quaudo

144 916 219 962 animi
239 916 320 977 potest
337 928 437 964 servare
451 916 614 974 munditiam,
629 915 670 975 qui
696 927 742 962 nec
752 916 905 975 mihiparco.

144 983 169 1029 cl
182 985 301 1032 sacerdoti
309 998 335 1032 se
346 985 416 1031 novit
425 985 528 1044 ollerre,
541 997 616 1045 quem
627 995 671 1042 pro
727 984 766 1031 66.
778 980 891 1033 Surrexit
903 984 986 1045 itaque
993 985 1060 1033 Petri
1069 983 1177 1045 ,inquit,
1188 996 1225 1033 so·

143 1052 251 1110 peccatis
263 1052 351 1100 nostris
362 1054 501 1111 accepimus
512 1052 670 1109 advocatum,
697 1065 765 1113 crus,
778 1055 804 1101 et
813 1054 969 1101 ministrabat
980 1054 1038 1100 illis.
1051 1054 1081 1100 El
1091 1053 1154 1099 beue
1171 1065 1226 1099 sur·

142 1117 213 1164 illum
224 1119 310 1180 utique
321 1119 361 1166 cui
373 1119 477 1166 dicitur:
491 1121 557 1166 lices
567 1121 673 1166 sacerdos
697 1123 777 1182 roxil3
788 1123 934 1170 sacramenti
949 1123 1017 1168 enim
1028 1123 1114 1182 typum
1130 1122 1227 1181 aposto·

142 1187 168 1232 ln
188 1191 316 1248 aelcrarcm,
326 1189 451 1235 secundum
467 1187 673 1235 ordinecaMclclrt-
697 1190 744 1237 lica
759 1191 810 1249 J'am
825 1192 902 1250 gratia
922 1191 1084 1238 ministrabat.
1096 1185 1226 1249 Proprium

137 1256 228 1303 sedech.
698 1260 734 1306 cst
755 1260 837 1306 autem
856 1271 955 1318 surgere
974 1259 1064 1307 Christi
1078 1257 1225 1317 ministros,
1249 1310 1252 1319 ¹

173 1323 212 1370 63.
224 1326 274 1372 Nec
285 1338 387 1373 vereare
403 1332 496 1373 morani
514 1326 622 1386 aliquam
633 1337 672 1372 sa·
695 1325 769 1382 iuxta
777 1325 964 1385 quodscriplum
973 1326 1010 1373 est
1021 1328 1112 1386 :Scapt
1122 1326 1163 1385 pul
1171 1325 1227 1372 dor·

143 1392 237 1439 nitatis.
248 1394 594 1454 Nescitrmpedinentumqui
604 1406 671 1440 sana·
697 1397 741 1442 mic
746 1425 754 1452 ,
763 1397 785 1441 ct
795 1408 893 1455 ccccrpc
906 1410 922 1443 o
932 1397 1039 1443 mortula.

144 1462 185 1506 tur
197 1459 323 1507 atlhristo.
345 1462 412 1521 Opus
432 1462 514 1510 estut
534 1462 670 1510 remedium
929 1507 997 1521 ,-

143 1526 275 1585 adhibeas,
286 1528 351 1586 quod
364 1530 501 1589 acceperis3
514 1530 586 1576 simul
604 1530 670 1575 enim

131 1596 172 1661 ¹ut
189 1597 339 1655 praeceptum
357 1597 470 1657 dederit,
491 1611 569 1646 caecus
586 1597 669 1656 videt,
857 1581 984 1636 CAPUT
1008 1581 1062 1635 XI·

143 1665 292 1724 P³¹³¹l⁷ti⁰u⁸
307 1666 430 1724 afflbfflats
446 1669 530 1714 mmus
549 1667 670 1727 l⁰quit¹¹fs
695 1683 767 1725 causa
776 1695 826 1735 quac
838 1697 878 1735 pro
889 1690 1017 1737 nuptiarum
1030 1688 1141 1728 iteratione
1149 1688 1225 1728 allerrt

143 1734 229 1781 surdus
239 1734 321 1794 audit,
332 1733 441 1781 febriens
453 1737 584 1794 ministrat,
600 1735 671 1782 luna·
696 1743 700 1750 ’
718 1740 794 1780 solent.
804 1740 1067 1789 explosis,proflteturass
1075 1752 1118 1778 non
1127 1742 1226 1780 damnari

142 1802 206 1848 ticus
217 1802 344 1849 liberatur.
353 1804 382 1848 lit
390 1804 418 1851 tu
429 1804 670 1864 igiturquaecnmquc
718 1790 810 1828 secunda
818 1793 1033 1840 ⁰⁰³1⁰ti³³l¹¹⁰¹¹¹¹¹¹
1041 1794 1226 1840 ¹³⁰⁰¹⁸¹¹²1³⁰⁵¹⁰¹⁰

142 1870 257 1916 indecore
279 1870 383 1928 alicujus
405 1871 442 1916 rei
463 1871 598 1928 cupiditate
619 1871 672 1915 lan·
718 1844 1228 1946 ffiffiffipffiffi}ffssfflgff5¹2¹„ssssssss

71 1956 80 1964 -
143 1938 248 1997 guescis,
256 1937 356 1985 obsecra
364 1938 584 1998 bominum,tidem
593 1937 671 1996 defer,
718 1949 1228 1998 uaereuoosquieaprohibebantcasugmfflm

142 2017 190 2052 nec
208 2005 284 2051 ullam
304 2005 393 2052 timeas
415 2016 516 2050 moram.
538 2004 584 2050 Ubi
603 2004 672 2051 adest
721 2007 793 2039 aurem
806 2002 894 2041 diversae
902 2003 1226 2047 diversorumrrncviresmrm

143 2073 236 2130 oratio,
251 2073 320 2121 adest
329 2073 452 2130 Verbum,
464 2071 563 2132 fugatur
575 2072 672 2130 cupidi.
719 2054 922 2147 tagrumdscrihrcur
931 2066 976 2096 nou
984 2057 1131 2105 imperaretur
1137 2059 1225 2101 cautu.

143 2143 190 2201 tas,
212 2140 288 2188 libido
308 2140 422 2189 discedit.
444 2141 492 2187 Nec
514 2140 671 2188 confessionis
718 2119 739 2147 ⁸⁰
761 2119 799 2148 ⁸¹¹²
814 2114 895 2150 ‘'⁰²¹¹''

143 2209 253 2258 versaris
272 2211 400 2268 offensam3
419 2211 494 2257 immo
514 2209 590 2270 magis
609 2223 671 2270 prae-
726 2205 1226 2269 dibiamusigituruecsumtibusegere
1298 2223 1302 2242 ν

142 2290 212 2325 sume
220 2279 420 2339 prerogativam
432 2277 595 2326 incontinenti
603 2278 670 2325 enim
695 2274 794 2333 viduas,
805 2288 860 2335 quae
872 2276 962 2325 donare
977 2279 1165 2328 consueverinlr
1177 2290 1225 2342 nec

142 2360 196 2407 quae
212 2349 320 2409 corporis
337 2349 422 2395 morbo
440 2348 513 2395 antea
530 2347 670 2407 laborabas,
695 2344 817 2403 subsidio,
836 2346 956 2404 aquibus
976 2359 1040 2406 saepe
1061 2348 1087 2394 in
1108 2348 1226 2407 periculis

138 2414 235 2462 ¹Christo
247 2415 350 2474 incipies
359 2415 507 2462 ministrare.
695 2412 811 2458 maximis
821 2412 927 2462 delcnsae
945 2416 1021 2474 copiae
1031 2416 1089 2463 sunt
1097 2417 1207 2465 virorum
1217 2428 1225 2462 ε

167 2482 206 2529 oc.
214 2483 296 2530 Potest
307 2484 382 2530 etiarn
395 2484 439 2529 hoc
450 2484 503 2530 loco
513 2481 593 2530 rideri
603 2481 670 2530 Petri
695 2480 817 2528 maritalia
828 2480 859 2528 iis
874 2494 970 2542 quoque
987 2483 1067 2530 cilicia
1077 2484 1117 2531 vel
1129 2497 1143 2530 a
1153 2496 1227 2543 gene·

143 2562 227 2598 socrus
239 2551 336 2598 alteclio
351 2551 497 2609 voluntatis,
513 2561 546 2596 cx
564 2549 671 2609 qua-sibi
696 2548 777 2606 neris,
787 2549 828 2595 vel
839 2561 853 2594 a
863 2550 983 2609 proximis
999 2550 1072 2598 lacile
1088 2551 1167 2599 solere
1185 2563 1225 2598 re·

143 2619 213 2666 velut
223 2619 307 2666 semen
317 2619 407 2666 futurae
414 2617 565 2678 posteritatis
575 2618 672 2664 adsum-
696 2616 777 2675 parari
789 2630 796 2662 r
808 2629 861 2663 esse
872 2618 946 2664 etiam
962 2617 990 2664 iu
1000 2630 1041 2664 eas
1055 2616 1166 2663 divinam
1178 2617 1226 2663 mi·
1257 2649 1262 2656 ·

64 2701 68 2712 ’
143 2687 222 2747 serat3
244 2687 309 2748 quod
330 2687 465 2747 unicuique
490 2687 603 2735 voluntas
627 2698 671 2733 sua
697 2685 854 2732 sericordiam
871 2686 1042 2745 promtiorem3
1060 2688 1085 2733 ct
1100 2687 1225 2734 ideocum

143 2756 292 2816 posteritatis
311 2757 349 2804 est
370 2756 463 2803 auctor.
484 2757 521 2801 lix
544 2754 671 2802 voluntate
697 2754 828 2814 suppetere
839 2767 887 2801 non
898 2754 1011 2803 videatur
1021 2766 1092 2802 causa
1102 2755 1225 2816 nubendi,

144 2826 210 2873 cuim
221 2825 341 2885 sapientia
351 2825 473 2884 nascitur,
489 2835 563 2884 quam
575 2825 672 2884 sapiens
697 2823 806 2871 studium
816 2825 901 2872 abesse
910 2824 1010 2873 dcbcre.

138 2895 170 2941 'in
181 2894 363 2942 matrimonium
371 2893 484 2942 adsciscit
496 2893 553 2951 sibi,
565 2893 649 2940 dicens
663 2906 670 2938 ε
727 2891 765 2940 68.
774 2891 844 2950 Quod
855 2892 936 2938 tamen
945 2903 989 2951 pro
998 2892 1100 2940 consilio
1111 2891 1226 2953 dicimus,

144 2965 259 3025 Proposci
268 2977 308 3023 epo
324 2964 384 3010 lianc
395 2965 506 3010 adducere
516 2962 573 3009 mitt
584 2965 608 3010 la
619 2976 672 3009 coa·
697 2974 745 3008 non
762 2974 804 3022 pro
823 2963 944 3021 precepto
963 2961 1126 3021 imperamus,
1136 2975 1227 3021 proro-

139 3037 241 3095 jnpr‘nm.
261 3035 322 3095 Ergo
337 3033 449 3081 voluntas
465 3033 508 3080 illa
523 3046 578 3093 quae
592 3033 671 3093 primo
698 3031 781 3078 cantes
793 3031 875 3092 potius
884 3030 997 3088 viduam,
1016 3043 1090 3090 quam
1107 3031 1226 3090 ligantes3

143 3103 266 3150 variamm
282 3102 444 3162 cupiditatum
465 3101 565 3150 aestibus
587 3102 671 3149 made·
697 3101 853 3161 nequeenim
863 3100 1152 3160 prohibemussecundas
1162 3113 1227 3159 nup·

143 3170 206 3217 lacta
217 3172 361 3230 languebat,
371 3173 455 3231 postca
469 3183 513 3231 per
524 3170 671 3229 apostolatus
696 3168 756 3227 tias,
768 3169 811 3217 sed
827 3181 875 3216 non
892 3169 1030 3216 suademus.
1046 3169 1098 3216 lilia
1108 3170 1144 3216 est
1158 3169 1227 3216 enim

144 3237 251 3287 olllcium
262 3241 289 3286 in
299 3239 464 3287 ministerium
474 3238 562 3285 Christi
571 3238 623 3295 jam
630 3251 671 3286 ro-
696 3238 846 3286 infirmitatis
869 3237 1055 3295 contemplatio,
1079 3238 1127 3284 alia
1150 3241 1227 3297 gratia

144 3307 215 3362 busta
228 3308 345 3356 surrexit.
621 3327 624 3331 ⁴
697 3306 823 3352 castitatis.
843 3306 900 3350 Plus
918 3305 985 3362 dico,
1003 3316 1052 3352 nou
1067 3306 1227 3364 prohibemns

173 3377 212 3423 65.
234 3377 310 3423 Simul
331 3376 410 3435 qualis
434 3387 487 3424 esse
511 3374 601 3422 debeat
628 3376 670 3436 qui
697 3371 816 3418 secundas
834 3372 946 3429 nuptias,
968 3371 1012 3418 sed
1030 3383 1078 3417 non
1096 3372 1228 3431 probamus

143 3445 238 3492 christo
256 3444 393 3503 ministrat,
412 3444 562 3502 ostenditur;
575 3446 672 3502 oportet
697 3453 761 3499 saepe
782 3438 916 3499 repetitas3
936 3451 1017 3498 neque
1038 3439 1105 3484 enim
1124 3440 1227 3498 expedit

145 3513 211 3559 euim
223 3513 301 3571 primo
318 3525 401 3560 carere
414 3513 538 3561 variarum
550 3512 672 3560 illecebris
696 3506 817 3567 quidquid
829 3507 900 3554 licet:
908 3508 993 3554 Omnia
1003 3507 1062 3553 milri
1071 3507 1155 3563 licent,
1166 3507 1227 3554 dicit

82 3594 86 3602 ·
144 3580 309 3640 voluptatum,
327 3581 406 3628 vitare
425 3581 551 3629 internum
566 3581 672 3640 corporis
697 3579 839 3637 Apostolus,
854 3579 893 3624 scd
905 3589 956 3631 con
976 3578 1056 3624 omnio
1076 3578 1130 3623 sunl
1149 3577 1225 3624 utilio.

144 3648 268 3708 animique
280 3649 433 3708 languorem,
444 3650 472 3696 ut
483 3661 570 3707 corpus
581 3651 606 3696 ct
616 3661 672 3696 san·
697 3648 725 3692 lit
736 3647 822 3693 vinum
841 3645 926 3691 bibere
945 3644 1015 3704 licet,
1032 3644 1075 3691 sed
1091 3645 1227 3703 plurimum

68 3769 73 3775 ,
144 3717 244 3777 guinem
262 3717 349 3762 Christi
366 3715 497 3763 ministret.
508 3717 592 3775 Neque
605 3716 671 3762 enim
696 3725 746 3760 non
767 3712 845 3760 decet.

145 3787 225 3846 potest
234 3785 476 3844 quisquampeccatis
483 3783 533 3831 suis
540 3784 672 3843 aeger,mi·
727 3783 765 3830 69.
777 3781 846 3829 Licet
858 3794 914 3843 ergo
930 3782 1042 3841 uubcre,
1060 3781 1103 3830 sed
1118 3781 1226 3841 pulcrius

144 3855 260 3913 nimeque
268 3864 349 3910 sanus,
359 3852 533 3899 immortalium
541 3853 671 3899 sanitatum
698 3851 734 3900 est
744 3850 881 3909 abstinere}
897 3851 953 3898 sunt
970 3851 1037 3897 enim
1048 3850 1146 3899 vincula
1162 3863 1226 3912 nup·
1308 3866 1310 3871 ’

144 3923 254 3971 remedia
271 3920 421 3968 ministrare.
443 3921 504 3968 Vide
522 3922 582 3981 qnid
601 3934 670 3982 agas,
696 3921 796 3970 tiarum.
808 3920 888 3968 Vultis
898 3921 962 3968 scire
973 3932 1028 3980 quae
1044 3917 1158 3968 vinculat
1169 3921 1226 3981 Qun

144 3993 268 4051 sacerdos,
288 4002 333 4039 nec
357 3990 472 4039 febrienti
493 4002 567 4036 manu
586 4003 672 4050 corpus
696 3991 799 4039 subatro
810 3993 843 4037 eal
857 3991 957 4048 muller,
968 3991 1118 4039 domarim
1129 3991 1226 4051 altipeta

143 4061 234 4109 Christi
249 4060 365 4122 adtingas.
385 4059 453 4108 Prius
470 4072 571 4133 curare,
587 4061 613 4107 ul
624 4060 672 4107 mi·
697 4063 729 4108 ccl
746 4061 789 4120 lcpt
805 4061 844 4108 :si
862 4061 939 4108 cutem
956 4062 1062 4110 morlacas
1080 4061 1150 4122 bremt
1173 4061 1224 4121 cir,
