2752 4814
182 409 228 457 ‘Jl'i
456 405 466 414 ⁰
575 410 707 457 SANC'H
725 410 893 455 anbrosii

183 491 708 552 rnvrrrquoquomzsennoomumn
731 476 1270 550 ropnue,uiimmluretbeoqaidquidslbi

183 562 257 619 perimi
268 563 359 621 dolam
369 560 487 622 nequitiae
504 571 608 618 arguens
627 558 709 618 prodi·
732 559 869 605 revertenti
887 558 952 604 intra
966 557 1044 603 brnen
1062 555 1151 603 domus
1163 569 1218 602 suae
1228 568 1271 603 oc-

183 630 276 686 torum,
287 641 317 676 eo
330 627 396 688 qnod
415 628 604 674 instrumentum
623 627 709 685 buius·
733 626 860 683 curreret;
871 637 927 672 cum
940 624 967 671 et
981 623 1063 683 ipsum
1079 623 1132 670 voit
1142 623 1270 682 poenitue·

183 695 250 741 morli
268 696 299 742 ud
310 695 418 743 bominis
435 692 566 742 adbibetu'r
580 694 709 751 ornatum,
733 693 766 739 rit
776 693 829 753 sni,
840 693 967 752 postquam
975 691 1025 738 tilia
1033 689 1142 738 occamit
1151 690 1213 737 sibi.
1223 691 1270 738 lle-

184 765 211 812 el
231 765 376 824 plerumque
396 764 499 812 ulcerat.
527 764 619 824 siquis
635 763 711 822 igitur
733 750 1269 832 niqueconsciditvestimentasumetdlxitt

183 832 710 893 proteruntgnuametaoiunneeiaipro
734 831 785 875 lieu
802 843 849 887 nuc,
863 829 1117 888 filioniccdnprdisti
1136 822 1269 898 militm}-

183 900 271 948 ditorls
288 903 417 962 exemplo,
428 903 456 948 ut
469 913 527 949 eum
544 913 618 962 quem
628 901 711 960 prote-
734 899 810 945 nulus
819 899 905 946 doloris
914 899 978 956 tuctu
988 911 1013 945 cs
1022 895 1088 943 stilti.
1096 894 1146 953 Qui
1155 889 1219 940 licet
1227 899 1269 948 plo

184 980 243 1028 gere
261 969 365 1029 debeat,
378 969 466 1030 prodat
480 969 512 1017 ad
525 971 643 1028 mortem3
662 969 711 1015 ins·
734 968 803 1013 metu
817 964 845 1014 a'c
862 966 994 1014 tormidine
1014 963 1179 1013 acerbitatem
1199 959 1269 1005 dum

183 1037 302 1085 trementi
313 1038 385 1086 istius
394 1037 575 1098 comparatione
586 1039 710 1095 censetur,
734 1035 862 1083 solutionis
882 1034 1041 1095 implererit3
1061 1035 1148 1080 umen
1167 1027 1268 1076 luctam

142 1153 146 1161 ,
183 1106 249 1164 qaod
269 1106 344 1153 ebrlae
364 1107 492 1154 mentiret
507 1106 636 1154 titubantis
649 1106 711 1153 vitio
735 1115 843 1151 annuum
860 1103 937 1150 etiam
963 1102 1068 1162 posteris
1087 1095 1269 1173 deplorandum

183 1186 270 1222 manos
285 1176 413 1223 vulnerare
426 1177 563 1224 consuerit.
578 1175 648 1223 Sient
664 1175 710 1222 iste
735 1172 858 1218 statuilac
875 1170 1016 1230 dereliquit.
1037 1170 1107 1216 Dura
1122 1165 1270 1242 promissio,

182 1244 285 1291 malitiae
306 1243 389 1291 ebrius
399 1245 472 1302 rino,
483 1256 528 1304 per
539 1243 643 1291 lunestar
654 1255 711 1302 pro·
735 1239 846 1287 acerbior
860 1240 964 1297 solutio,
973 1250 1047 1298 quain
1064 1230 1270 1310 reaccensum

181 1310 284 1359 ditionis
297 1311 416 1359 indicium
435 1312 578 1358 rlbimelecb
592 1310 712 1358 sacerdoti
735 1308 820 1366 lugere
837 1307 914 1354 etiam
929 1307 982 1366 ipse
1000 1306 1043 1366 qui
1053 1303 1131 1352 tecitl
1149 1303 1272 1359 Denique

181 1391 269 1426 necem
281 1380 382 1440 detulit,
391 1381 492 1440 eoquod
499 1380 645 1438 Propbetam
655 1380 711 1427 bos·
735 1376 826 1422 lactum
842 1375 880 1423 est
893 1374 1043 1435 praeceptum
1055 1373 1081 1420 el
1096 1371 1229 1420 decretum
1243 1366 1271 1414 lu

182 1447 246 1506 pltio
253 1449 402 1508 recepisset,
411 1462 487 1508 quoin
504 1461 551 1496 rex
563 1447 663 1495 inridloe
672 1458 712 1495 ac·-
735 1444 809 1491 lsrael
820 1455 853 1490 ex
864 1443 952 1491 diebus
967 1442 994 1490 ln'
1007 1442 1061 1490 dier
1071 1437 1254 1489 tAmMebffl
1262 1465 1274 1493 2.

183 1525 272 1564 census
286 1516 604 1578 stimulisperseqnebatur.
736 1506 1272 1574 inquii,oitoepopulilrruel‚iuoentcsntion

735 1583 830 1642 Jcplilic
850 1582 1004 1654 Golomitidir
1027 1581 1130 1640 quotuor
1146 1575 1231 1622 diebss
1245 1575 1271 1619 in

334 1701 462 1756 emur
486 1700 558 1754 m.
735 1640 1273 1775 illil⁰initlintttiiiitiii

183 1798 244 1839 xliiii
256 1801 429 1849 promittendum
445 1800 505 1850 quod
517 1801 544 1838 sit
558 1798 709 1846 maium,
735 1786 779 1832 sed
793 1788 877 1835 tamen
888 1785 1037 1834 miserabilis
1051 1781 1204 1848 necessitas,
1214 1789 1274 1840 illia

205 1855 340 1904 melquld
352 1854 587 1902 imouumiumorls,
600 1853 624 1892 id
637 1854 711 1891 obser-
735 1854 838 1902 solvitur
858 1853 1000 1913 parricidio,
1109 1866 1113 1872 ·

206 1910 317 1956 meum:
335 1913 410 1948 eontra
428 1918 496 1957 qum
511 1917 603 1957 ww·
618 1907 713 1946 ¹¹⁰¹&
765 1922 804 1969 78.
817 1921 904 1968 lielius
914 1922 952 1968 est
962 1931 1130 1977 convenere,
1140 1925 1272 1978 quamto-

207 1962 712 2064 ffi'i'ss'fflifflfflfflnffln}
736 2003 793 2036 vere
807 1990 963 2049 idquodsibi
974 1989 1015 2036 eui
1026 1987 1197 2048 promitunt,
1208 1982 1272 2031 noia

206 2069 304 2118 quasin
318 2069 395 2107 asold
410 2068 466 2106 neus
478 2063 540 2106 noun
553 2069 652 2115 nonque
668 2069 712 2104 ntra
736 2057 840 2104 exsolvi.
870 2058 983 2117 Denique
1005 2057 1031 2103 in
1052 2057 1119 2102 lsaae
1147 2053 1272 2099 babemus

205 2124 461 2186 mmdemiepniuecum
470 2123 559 2186 aunem
568 2122 712 2171 Prlh⁸e⁰¹³1⁸
735 2126 892 2184 exemplum,
907 2137 952 2185 pro
967 2137 1017 2183 quo
1031 2124 1136 2172 arietem
1147 2121 1272 2167 Dominus

206 2179 522 2228 componituracpraepomrur·
735 2192 1014 2240 statuitimmolarlsibi.
1022 2194 1075 2239 Non
1083 2202 1185 2249 semper
1193 2188 1271 2249 igitur

214 2260 253 2306 75.
264 2261 359 2307 Ponnni
367 2261 443 2319 igitur
450 2260 608 2308 aesincerum
615 2261 711 2320 oportet
735 2263 852 2319 promissa
860 2262 977 2309 solvenda
987 2262 1069 2309 omnia
1077 2260 1144 2309 sunt.
1153 2258 1271 2317 Denique

184 2338 239 2376 esre
256 2328 383 2387 allectum,
394 2329 422 2375 ut
438 2330 606 2389 unusquisque
617 2330 712 2388 simpli·
735 2330 787 2388 ipse
807 2324 926 2377 Dominus
946 2329 1090 2390 frequenter
1101 2339 1173 2375 suam
1189 2325 1271 2372 mutat

184 2406 239 2442 cem
250 2407 388 2442 sermonem
406 2395 528 2456 proterat,
543 2409 587 2444 vas
603 2398 711 2444 suumin
734 2400 896 2458 sententiam,
915 2399 980 2446 sieut
1010 2397 1137 2457 Scriptura
1161 2394 1269 2442 indicat.

183 2464 468 2525 smctitatepossideat,
483 2477 530 2512 nec
546 2465 648 2530 tratrem
663 2466 712 2512 cir·
734 2467 793 2514 liam
808 2468 833 2513 et
849 2467 874 2514 in
886 2480 916 2514 eo
933 2467 997 2513 libro
1006 2465 1049 2526 qul
1061 2463 1209 2512 inscribitur
1223 2464 1271 2510 lin·

183 2531 374 2592 cumscriptione
385 2534 518 2580 verborum
527 2532 639 2596 inducat,
648 2535 711 2580 niliil
735 2536 809 2595 meri,
831 2536 990 2595 proposuerat
1007 2534 1137 2594 percutere
1150 2532 1232 2578 morte
1244 2531 1271 2578 et

183 2601 310 2660 promittat
319 2602 524 2651 lnbouestumiac
534 2603 555 2651 si
562 2603 711 2662 promiserit,
734 2605 836 2663 perdere
847 2606 964 2665 populum
975 2619 982 2651 τ
993 2604 1038 2652 sed
1047 2603 1132 2662 postea
1144 2602 1271 2660 rogatnsa

183 2671 337 2719 tolerabilius
347 2673 384 2719 est
400 2671 544 2730 promissum
555 2672 711 2732 nonfacere,
734 2676 828 2732 lloyse,
837 2673 1009 2720 reconciliatus
1019 2673 1056 2718 est
1065 2670 1159 2731 populo
1171 2682 1227 2716 suo.
1240 2670 1269 2716 et

183 2754 257 2801 qnam
268 2742 348 2788 tacere
362 2742 428 2800 quod
437 2743 510 2800 turpe
518 2741 559 2787 sit.
734 2741 860 2788 iterumad
871 2743 968 2801 lioysen
980 2741 1005 2787 et
1014 2743 1091 2787 Aaron
1101 2739 1137 2785 ait
1149 2739 1271 2785 :Dividils

215 2811 253 2857 lo.
272 2810 341 2868 saepe
361 2809 472 2868 pictique
495 2804 667 2866 constringunt
685 2821 711 2856 se
733 2826 773 2859 vos
784 2813 894 2858 demedio
905 2814 1032 2870 syiioqoqae
1043 2810 1105 2867 ejus,
1117 2811 1139 2855 ci
1156 2821 1271 2854 eonsum-

183 2877 249 2937 ipsos
262 2876 420 2934 iurisiurandi
431 2876 582 2922 sacramento
595 2888 601 2920 =
615 2877 641 2922 et
655 2888 713 2923 cum
733 2879 848 2927 moboeos
857 2875 1270 2937 simul.Quibusdisecdentibusde

183 2945 233 3004 ipsi
258 2944 416 3003 cognoverint
443 2944 635 3003 promittendum
664 2940 716 2991 non'
734 2946 1059 3002 coetrr‚l)atbnnetilbiron
1074 2944 1158 2992 subito
1176 2943 1270 3003 impios

184 3013 274 3070 luisse,
290 3013 435 3060 sacramenti
457 3013 539 3058 tamen
562 3012 712 3072 contempla·
735 3019 799 3063 terra
811 3015 932 3075 praerupto
951 3015 1031 3060 soluta
1041 3013 1112 3066 biatu
1128 3011 1269 3059 absorbuit.

184 3081 252 3127 tione
263 3080 355 3127 iaciunt
365 3080 430 3139 quod
439 3079 621 3139 spoponderunt
632 3073 715 3132 :sicut
764 3085 803 3130 79.
824 3077 1006 3131 Praeelleniius
1018 3083 1043 3129 et
1051 3080 1178 3141 antiquius
1202 3078 1271 3127 istud

185 3148 217 3201 de
227 3148 323 3196 Herode
332 3160 405 3207 supra
415 3149 570 3207 scripsimus,
581 3147 624 3206 qui
639 3149 712 3196 salta·
734 3153 877 3211 exemplum
887 3151 918 3198 de
928 3150 976 3197 lilia
986 3149 1107 3210 Jepbtbe,
1119 3161 1196 3208 quam
1206 3149 1272 3196 illud

184 3216 242 3264 trlei
260 3217 389 3276 praemium
405 3216 510 3275 turpiter
519 3216 645 3275 promisit,
656 3229 712 3264 cru·
734 3220 799 3279 quod
815 3220 973 3266 memorabile
984 3219 1089 3265 babetur
1099 3216 1167 3275 'apud
1183 3217 1271 3277 pbilo-

184 3285 275 3334 tleliter
285 3286 367 3333 solvit.
376 3282 457 3345 'turpe
465 3319 472 3344 ‚
481 3286 545 3347 quod
556 3298 658 3344 regnum
667 3299 711 3347 pro
729 3291 822 3349 sophos
833 3288 863 3335 de
874 3283 968 3335 duobus
978 3286 1150 3346 Pythagoraeis,
1160 3299 1272 3344 quorum

145 3386 148 3392 ·
183 3355 313 3404 saltatione
330 3355 482 3416 promittitur
497 3351 712 3415 r·crudele,quod
734 3360 797 3407 alter
818 3369 874 3404 eum
890 3369 904 3402 a
919 3356 1023 3416 tyranno
1044 3354 1160 3414 Dionysio
1178 3355 1273 3414 capitis

183 3435 250 3470 mors
264 3421 388 3484 propbeta
411 3417 455 3483 pro
468 3423 630 3481 iurisiurandi
652 3425 712 3471 reli·
735 3425 862 3472 damnatus
873 3424 951 3482 esset,
963 3423 1105 3484 prescripto
1116 3421 1206 3468 mortis
1218 3423 1271 3484 die,

183 3491 255 3551 giono
266 3492 379 3539 donatur.
392 3492 486 3550 Quanto
498 3491 652 3538 tolerabilius
668 3493 711 3537 tall
734 3494 845 3553 poposcit
852 3494 879 3540 ut
887 3494 986 3540 domurn
997 3490 1116 3555 pergendi
1127 3491 1151 3537 ei
1160 3489 1272 3540 facultas

178 3561 272 3615 ‚fuisset
281 3561 418 3622 perjurium
429 3557 593 3608 sacramento?
601 3560 621 3607 si
630 3561 712 3614 tamen
735 3554 848 3618 daretur,
856 3573 904 3621 quo
915 3560 1096 3608 commendaret
1107 3570 1163 3605 suos
1176 3570 1184 3602 ε
1198 3571 1273 3606 acne

184 3630 321 3688 periodum
338 3629 420 3689 posset
430 3629 492 3686 dici,
506 3628 570 3687 quod
581 3628 665 3676 ebrius
676 3630 713 3675 in-
734 3629 876 3689 revertendi
890 3630 990 3676 nutaret
1006 3628 1079 3685 tides,
1095 3627 1186 3674 vadem
1204 3640 1274 3675 mor-

184 3700 224 3746 ter
233 3700 290 3746 vina
303 3698 442 3758 iuraverat,
454 3698 517 3758 quod
529 3698 637 3746 eviratus
648 3701 712 3746 inter
736 3700 767 3745 iis
774 3699 877 3757 obtulit,
888 3710 918 3744 ea
934 3697 1072 3743 conditione
1084 3697 1111 3742 ut
1127 3695 1148 3742 si
1158 3695 1217 3752 ipse
1229 3695 1274 3744 de·

183 3767 325 3814 saltantium
337 3768 421 3814 eboros
432 3766 586 3827 promiserat.
605 3768 712 3819 infertur
731 3762 797 3816 'leret
808 3768 837 3815 ad
848 3761 1095 3827 constitutumdiem‚
1103 3776 1148 3810 vas
1157 3764 1216 3821 eius
1224 3765 1274 3812 sibi

185 3835 251 3882 disco
262 3837 386 3895 prophetae
405 3839 476 3895 eaput
488 3850 495 3882 r
508 3837 540 3882 et·
549 3836 595 3882 boc
606 3837 712 3882 aestima·
735 3851 778 3896 pro
789 3848 819 3883 eo
827 3835 979 3891 moriendum
987 3834 1136 3894 agnosceret.
1146 3833 1198 3878 Nee
1209 3845 1275 3893 qua-

184 3903 238 3950 tum
250 3905 287 3949 est
298 3903 354 3950 idei
365 3917 417 3951 esse
427 3904 508 3963 ,quod
524 3904 638 3950 amentiis
654 3904 710 3951 luit.
737 3905 830 3951 litatem
849 3901 984 3963 sponsionis
1002 3900 1044 3959 qui
1063 3899 1215 3948 ollerebatur
1235 3914 1277 3948 re·

216 3970 255 4015 77.
273 3971 356 4029 Neque
370 3983 485 4030 umquam
503 3969 608 4016 adducar
617 3972 645 4017 ut
657 3983 712 4017 cre·
736 3973 843 4031 eusanii,
852 3971 1021 4029 constantique
1032 3970 1113 4016 animo
1123 3968 1192 4015 diem
1202 3971 1278 4017 necis

185 4035 241 4087 darn
252 4050 300 4087 non
311 4039 408 4088 ineante
424 4038 561 4100 principem
573 4038 710 4101 promisisse
735 4040 928 4102 praestolabatur.
938 4039 1022 4100 ltaque
1032 4037 1096 4085 alter
1109 4047 1136 4085 se
1149 4047 1202 4085 non
1213 4038 1282 4102 srib-⁴
