2752 4814
210 433 241 485 ει
600 415 903 482 εἰιιιτιιιιιιιιοιιι

210 521 263 581 lpse
273 521 297 568 te
309 519 408 580 genuit,
417 530 497 567 uoune
510 519 561 579 ipse
573 519 597 566 te
608 517 690 578 pavit?
699 515 736 562 ui·
761 527 822 562 nuru
838 518 863 561 et
876 513 967 562 malum
977 527 984 573 ;
995 512 1024 561 ut
1037 523 1086 560 nou
1099 525 1132 561 ex
1143 512 1292 563 necessitate

209 589 256 636 bus
266 589 319 647 ejus
327 589 406 636 virtus
416 589 467 647 est,
477 587 548 635 cibus
556 589 610 646 ejus
620 585 737 633 tortitudo
761 583 853 630 bonum
871 583 943 630 tuum
962 582 1041 640 esset,
1057 581 1100 629 sed
1113 582 1291 630 voluntarium.

210 659 255 706 cst.
268 658 316 706 Sed
327 658 348 704 si
358 658 387 704 tu
401 657 551 718 negligentia
562 657 604 704 tua
619 654 736 704 uirtutem
760 653 873 710 biennum
883 663 951 700 nuru
961 652 1037 699 refert
1048 652 1114 699 inter
1125 662 1181 700 euru
1192 651 1236 712 qui
1246 664 1293 699 ne·

208 739 281 787 quam
290 724 627 787 acceperasperdidlsti,non
636 724 737 771 alimen·
761 723 874 770 cessitate
887 723 982 770 inritus
996 721 1091 782 aliquid
1105 721 1168 782 agit,
1184 723 1210 769 et
1223 720 1293 769 luter

194 796 195 799 ’
208 799 288 843 torum
300 795 453 854 coelcstium,
470 794 514 843 sed
529 793 579 841 tue
588 793 680 839 mentis
689 792 736 840 tibi
762 803 819 838 eum
832 792 874 850 qul
888 804 921 838 ex
931 790 1058 838 voluntate
1069 790 1135 850 quod
1146 790 1239 836 bonum
1252 790 1292 837 est

208 862 324 924 praesidia
338 862 478 910 defuerunt.
494 862 606 921 Denique
619 859 737 906 Dominus
761 859 831 918 eligit
843 871 849 904 ι
862 863 889 908 sl
898 862 960 907 euim
974 861 1060 907 inritus
1071 859 1114 906 troc
1128 871 1186 917 opo,
1199 859 1292 918 duper-

208 931 283 980 sicutl
295 942 369 992 super
374 930 453 990 iustos
460 931 487 978 et
494 930 598 988 injustos
607 929 672 990 pluit
683 941 690 975 ι
702 928 737 975 itu
760 931 820 976 sotio
827 929 980 977 mihicreditu
988 933 1021 977 est
1032 943 1040 975 .·
1051 931 1072 976 ct
1078 929 1155 976 colem
1162 929 1292 974 mercedem

210 1000 287 1062 etlam
297 1001 401 1060 iniustos
407 1000 487 1062 pascit
498 1000 615 1059 etjustos.
761 997 843 1045 babeo.
852 998 1037 1045 consideremus
1043 1008 1100 1055 ergo
1105 995 1164 1055 quin
1169 995 1290 1044 stabimus
1335 1044 1341 1055 ,

239 1069 278 1118 75.
293 1071 377 1118 Nonne
392 1071 420 1117 in
433 1074 497 1119 esem
512 1068 605 1116 virtute
616 1079 672 1115 cum
686 1067 736 1125 iam
761 1067 818 1112 aute
826 1067 934 1114 tribunal
943 1066 1041 1126 Christi,
1050 1068 1076 1114 et
1083 1066 1103 1113 si
1112 1077 1172 1126 opus
1180 1066 1291 1111 nostrum

209 1140 344 1188 deiiceret
337 1152 364 1186 in
377 1140 419 1187 via
433 1138 531 1186 sauctus
542 1138 621 1196 Elias,
632 1136 737 1197 quadra·
762 1135 863 1196 arserit,
878 1148 928 1183 non
938 1135 1085 1183 habebimus
1096 1134 1160 1194 quod
1170 1144 1291 1180 excusare

207 1206 275 1271 ginta
283 1208 419 1256 ambulavit
430 1207 532 1264 diebus
544 1207 569 1254 et
580 1207 648 1252 iilam
657 1218 737 1253 escam
762 1204 891 1264 possimus.
909 1205 981 1252 Dicet
997 1205 1090 1252 etenim
1105 1203 1193 1263 quod
1183 1214 1234 1262 Jsm
1245 1214 1291 1262 per

208 1277 316 1336 Angelus
325 1268 445 1324 deditissr
456 1277 539 1323 nutem
550 1277 575 1323 tc
588 1275 685 1335 pererit
696 1276 737 1322 ie
761 1275 907 1332 Proplrctam
922 1276 1018 1322 locutus
1028 1276 1082 1321 est
1093 1275 1196 1334 Populus
1211 1284 1290 1330 mm,

209 1358 262 1404 sus,
271 1346 296 1392 et
304 1346 430 1406 acceptam
438 1357 518 1392 escum
526 1356 677 1402 servaveris
686 1357 737 1391 aru-
762 1345 817 1403 quud
827 1344 870 1402 {cer
885 1345 955 1392 tibi...
959 1347 1020 1391 uui
1035 1344 1239 1404 iuquomoiestur
1255 1341 1293 1423 sot

208 1412 737 1479 bulabisnonquadragintadicbusetquu-
762 1412 805 1459 tibi
810 1416 941 1474 ,responde
955 1414 1022 1460 mitri.
1038 1412 1111 1460 Dicet
1124 1412 1150 1459 et
1164 1411 1189 1458 ei
1202 1410 1246 1471 qui
1263 1410 1290 1456 in

209 1481 321 1542 draginta
332 1484 463 1542 noctrbns
478 1483 522 1531 sed
536 1480 545 1544 (
560 1472 638 1530 audeo
654 1481 736 1529 dicere
762 1481 802 1528 via
818 1481 955 1530 deiecerit:
966 1480 1249 1540 Quarutiouedeiecisti
1263 1479 1290 1526 in

209 1550 339 1610 Scriptus-e
347 1551 424 1599 fretus
430 1551 551 1612 exemplis
560 1549 568 1612 )
578 1549 737 1611 qnadraginta
762 1549 821 1597 viai
832 1551 916 1598 Nonne
931 1563 1007 1612 panes
1018 1550 1100 1610 fregi:
1113 1560 1195 1596 noune
1210 1549 1290 1596 bene-

209 1620 304 1666 annis·
297 1653 303 1665 .
320 1620 347 1668 et
361 1620 495 1681 egredieris
507 1621 538 1668 ab
554 1619 669 1680 AEgyptiis
682 1619 738 1665 tini-
762 1617 830 1664 dixi·
824 1652 830 1666 .
840 1620 989 1677 nonnejussr
981 1617 1069 1666 dacii
1079 1618 1179 1666 sedeur
1190 1617 1291 1666 tuacct·

209 1684 269 1747 bus,
286 1686 362 1735 donec
379 1689 510 1748 pervenias
524 1689 551 1734 ln
565 1689 657 1735 terram
673 1689 737 1734 mul·
761 1689 947 1748 perenoluistii

208 1756 277 1814 tam,
294 1756 320 1803 iu
336 1758 425 1804 terrum
441 1756 560 1804 tlucutem
574 1757 612 1803 luc
628 1756 655 1802 et
669 1755 736 1814 mel,
792 1757 830 1804 78.
850 1759 941 1816 Quanti
957 1758 1031 1808 etiarn
1049 1756 1208 1819 presentium
1229 1755 1291 1803 defl-

208 1836 283 1883 quam
292 1824 385 1884 jorravii
398 1826 515 1873 Dominus
525 1825 639 1873 daturum
656 1838 681 1872 se
692 1838 740 1886 pa·.
762 1826 829 1872 cient
838 1826 864 1872 iu
875 1828 930 1886 viu,
942 1828 1029 1886 etpost
1040 1828 1085 1874 bos
1094 1837 1235 1883 sermones,
1246 1824 1291 1884 qui

184 1897 186 1901 ’
207 1893 288 1941 tribus
303 1896 401 1943 nostris.
417 1897 495 1955 liujus
510 1896 582 1943 terrae
597 1896 644 1942 tibi
658 1896 737 1942 virtus
761 1895 821 1943 iicet
830 1896 906 1944 nostri
917 1897 979 1955 sint,
991 1898 1074 1944 tamen
1084 1892 1292 1956 quiauemodlcit

207 2030 261 2078 lion
277 2033 348 2081 istam
361 2035 453 2082 terram
465 2035 519 2082 dico
535 2048 589 2094 quse
605 2033 671 2081 arida
685 2036 736 2094 est,
761 2035 981 2092 panesaestimandi
990 2035 1061 2082 sunt:
1071 2033 1169 2094 quanti,
1178 2031 1291 2090 iuquam,

209 2103 254 2147 sed
269 2102 337 2149 iilam
352 2117 406 2164 quae
422 2104 511 2151 Christi
523 2104 680 2152 confirmatur
691 2104 738 2150 ali·
762 2102 925 2164 deicieut,et
932 2106 958 2153 in
967 2105 1019 2151 vias
1027 2104 1137 2164 gentium
1145 2100 1291 2148 transversis

209 2170 314 2229 mentis,
336 2184 390 2231 quae
416 2172 462 2218 sub
482 2171 587 2230 imperio
606 2173 737 2220 constituta
762 2171 894 2221 itineribus
911 2172 1060 2220 fornicantes
1077 2168 1195 2219 ebibunt?
1209 2169 1291 2228 Atque

207 2237 274 2298 regis
283 2239 369 2287 aeterni
380 2241 517 2303 sauctorum
528 2240 674 2289 incolatibus
690 2240 737 2289 tre·
761 2239 856 2287 utinam
866 2253 944 2300 uuus,
956 2242 982 2288 et
992 2253 1041 2288 non
1051 2239 1165 2301 piurimil
1182 2237 1230 2285 Sed
1241 2249 1291 2283 uon

208 2306 353 2367 quentatur.
761 2309 832 2357 lesus
842 2310 925 2358 auctor
937 2310 1061 2369 detectus,
1073 2307 1169 2357 etiamsi
1182 2308 1238 2367 quis
1246 2305 1292 2352 de·

240 2372 278 2423 76.
287 2377 382 2425 Dividit
389 2390 447 2439 ergo
458 2379 650 2427 escasllomiuus
658 2378 736 2428 Iesus.
761 2377 867 2438 tecerit3
885 2380 1000 2427 omnibus
1014 2379 1080 2426 enim
1101 2374 1228 2424 distribuit
1247 2374 1291 2434 'qm

208 2444 238 2493 El
248 2445 292 2493 iile
303 2447 404 2506 quidem
415 2448 468 2495 vuit
478 2448 535 2495 dare
546 2448 674 2507 omnibus,
691 2461 736 2496 ne·
761 2447 911 2506 sequuntur,
934 2447 987 2495 sive
1004 2446 1113 2507 quinque
1128 2443 1221 2500 millia,
1237 2443 1292 2489 sive

208 2515 250 2595 get
259 2516 353 2563 nemini
359 2530 373 2576 3·
387 2517 542 2577 dispeusator
554 2518 621 2564 enim
637 2518 674 2565 est
684 2530 737 2564 om·
761 2518 865 2573 quatuor
875 2516 954 2562 miliia
962 2515 1019 2564 sint.

208 2582 296 2632 nium·
308 2586 352 2633 sed
366 2598 423 2634 cum
439 2587 482 2634 ille
497 2599 573 2647 panes
587 2586 696 2648 frangat,
711 2590 737 2636 el
791 2584 829 2631 79.
842 2585 892 2631 Non
901 2586 992 2632 otiosus
1000 2596 1130 2643 numerus
1140 2593 1190 2629 non
1198 2580 1292 2628 otiosus

208 2650 397 2734 detdiscipuiis,
406 2653 737 2702 situmanusnuncxtendas
761 2653 833 2713 ordo,
849 2666 898 2701 non
913 2654 996 2701 otiosae
1013 2653 1125 2713 reliquiae
1139 2651 1292 2698 manducan·

208 2720 277 2779 tuas,
289 2722 318 2768 ut
329 2722 435 2782 accipias
447 2721 493 2769 om
504 2720 717 2781 escas,detic1es
710 2735 736 2768 ιιι
761 2722 833 2769 tium
844 2723 1071 2783 cureuimplures,
1083 2720 1155 2768 idest
1161 2711 1291 2778 ,quinque

157 2816 159 2822 ,
208 2788 262 2846 via;
280 2802 327 2836 nuc
342 2791 457 2858 poteris'
450 2785 477 2837 ιιι
492 2791 655 2850 eumcuipam
669 2792 736 2839 tuam
760 2790 838 2837 miliia
856 2803 965 2851 quinque
977 2791 1095 2851 panibus
1110 2791 1156 2836 hoc
1171 2788 1223 2846 esi,
1243 2800 1291 2833 nu-

208 2856 371 2918 reterre,qur
381 2846 522 2917 miseretur,
533 2857 559 2904 et
571 2857 680 2906 dividit
693 2860 736 2906 sed
761 2860 1073 2907 merominorisatiantur:
1084 2858 1291 2920 paucioresrero,

208 2924 344 2974 hisdivldit
350 2940 477 2987 quicum
485 2940 515 2975 eo
523 2927 598 2974 etlam
607 2925 736 2976 undeserto
760 2940 802 2985 qul
811 2930 867 2975 suni
875 2929 1063 2988 quatuormrllia
1071 2930 1166 2988 septem
1175 2926 1292 2987 pambus,

208 2959 369 3056 permanent,
386 2997 430 3058 qui
448 2997 527 3056 primo
544 2997 569 3043 et
585 3000 691 3046 secundo
711 2998 735 3045 et
760 2991 806 3043 hoc
818 2997 868 3056 est,
886 3011 990 3046 numero
1001 2999 1093 3055 maiore
1104 2992 1256 3058 pascuntur?
1265 2993 1290 3040 Si

208 3062 281 3108 tertio
290 3061 330 3109 die
341 3077 390 3110 non
397 3064 525 3112 recedunt.
538 3063 577 3111 Sic
585 3064 736 3112 enimbabes
761 3068 827 3113 enim
847 3067 905 3115 iacti
921 3069 1016 3116 tunium
1033 3078 1163 3127 sequamur
1182 3065 1292 3111 miracu·

207 3128 268 3177 alibi
283 3143 290 3176 ι
305 3131 416 3180 Misereor
429 3131 498 3192 cujus
514 3133 601 3194 iurboe3
618 3136 674 3194 uscia
691 3136 735 3181 tri-
759 3135 824 3194 ium,
835 3136 997 3183 videturesse
1007 3132 1190 3193 diviniusquod
1201 3133 1291 3179 derni-

207 3200 280 3246 duum
296 3203 329 3248 est
339 3200 393 3260 jum
403 3201 464 3262 quod
476 3206 624 3263 perseverunt
635 3217 734 3251 mecum,
759 3215 818 3250 nore
826 3205 897 3252 modo
905 3205 1016 3264 pluribus
1025 3201 1167 3251 abundavit.
1177 3202 1224 3248 Cur
1232 3213 1290 3260 erpo

208 3265 304 3326 Quanta
312 3269 434 3329 dignatio,
444 3272 534 3331 quanta
545 3272 575 3334 ab
587 3284 616 3319 eo
626 3271 736 3320 homini·
759 3272 824 3331 quod
841 3273 922 3321 minus
938 3275 975 3321 est
993 3274 1016 3320 ei
1032 3272 1097 3333 qnod
1113 3271 1150 3318 est
1167 3270 1289 3331 amplius,

208 3334 254 3382 bus
263 3335 395 3396 inspiratur
407 3337 557 3385 humanitas!
569 3339 621 3385 lion
631 3340 686 3387 vult
697 3340 736 3398 J'e·
758 3340 827 3399 quasi
844 3342 987 3401 prestaret,
1003 3342 1127 3399 adiectum
1143 3337 1200 3387 esti
1217 3340 1290 3387 Prius

206 3404 280 3464 junos
291 3403 430 3464 dimittere,
438 3417 487 3453 nun
497 3407 566 3466 uuit,
578 3404 610 3453 cie
621 3405 735 3454 deficiant
759 3409 826 3455 enim
834 3409 942 3469 quinque
956 3410 1033 3456 millia
1042 3409 1151 3469 quinque
1163 3407 1271 3467 panibus
1281 3419 1289 3454 ι

208 3473 235 3521 in
246 3474 295 3522 via.
759 3478 843 3536 postea
858 3490 916 3525 vcro
927 3478 1031 3536 quatuor
1040 3477 1118 3523 millia
1133 3477 1230 3534 septem
1246 3488 1291 3535 pa-

238 3543 277 3594 77.
298 3542 352 3592 Noti
370 3556 427 3604 ergo
445 3542 551 3593 deficere
569 3557 583 3593 a
603 3540 734 3604 disciplina
759 3547 831 3593 nibus
846 3547 951 3606 legimus
968 3548 1063 3594 satiata.
1080 3546 1221 3605 Quaeramus
1231 3557 1291 3609 erpo

207 3613 321 3676 Domini,
334 3626 416 3675 neque
427 3611 535 3672 fatigeris
547 3627 604 3661 cum
616 3615 646 3661 ab
658 3627 687 3661 eo
698 3613 735 3662 in·
759 3616 917 3675 mysterium,
928 3615 993 3675 quod
1002 3617 1120 3663 miraculo
1131 3615 1242 3675 praestet.

208 3684 324 3741 creparis.
336 3680 387 3730 Non
395 3678 504 3744 fatigeris
516 3695 597 3741 nunc,
608 3695 640 3729 ne
650 3683 734 3742 postea
789 3685 828 3732 80.
840 3688 923 3745 ltaque
935 3685 1102 3732 videnturilia
1110 3685 1220 3745 quinque
1231 3684 1292 3731 mli·

206 3746 324 3808 fatigeris.
334 3750 396 3808 Quid
403 3753 469 3799 enim
477 3753 635 3813 respondebis
643 3753 667 3798 ei
676 3766 683 3798 :
693 3754 735 3799 aui
760 3755 793 3802 iia
801 3755 869 3815 quasi
879 3754 990 3815 quinque
1000 3754 1106 3814 corporis
1115 3765 1200 3800 sensus
1207 3752 1291 3800 adbuc

207 3818 327 3876 quomodo
335 3819 360 3866 te
369 3821 542 3881 excusabis,si
550 3835 610 3868 escae
619 3821 735 3869 virtutem
760 3825 925 3885 corporalibus
943 3824 1057 3884 proxima
1079 3822 1197 3869 alimenta
1217 3829 1291 3871 acce÷

207 3898 282 3946 cpuam
299 3885 433 3946 ministrat,
450 3887 577 3937 amiseris?
593 3890 644 3935 lion
665 3889 735 3948 potes
759 3892 824 3950 pisse
839 3892 869 3937 dc
884 3892 978 3938 christu
997 3905 1003 3937 ι
1023 3892 1196 3952 quatuorvaru
1208 3886 1290 3933 miliia

207 3956 291 4004 dicere
305 3957 364 4017 quia
377 3970 457 4005 escam
470 3973 517 4006 uon
529 3959 610 4017 dedit,
625 3959 683 4018 quia
694 3959 735 4005 dui
760 3959 805 4005 etsi
817 3958 897 4006 adbuc
916 3960 941 4007 in
959 3973 1060 4021 corpore
1075 3958 1137 4015 siut,
1153 3955 1179 4002 et
1197 3955 1223 4000 in
1242 3956 1289 4003 boc

208 4027 331 4073 omnibus.
344 4027 396 4073 Nou
410 4026 480 4086 potes
491 4028 573 4076 dicere
584 4027 644 4088 quin
656 4027 736 4075 noluit
760 4026 850 4073 mundo
860 4027 901 4087 qui
915 4041 947 4072 ex
957 4029 1062 4087 quotuor
1071 4024 1165 4072 constat
1175 4024 1292 4083 elemen-

208 4093 332 4143 iubenum
345 4095 439 4156 lucere,
450 4094 507 4143 unte
517 4107 592 4157 quem
601 4093 683 4157 posuit
692 4093 735 4144 bu·
759 4093 807 4155 tis,
818 4104 868 4141 uon
880 4093 957 4141 otiose
973 4093 1057 4140 tannen
1068 4091 1210 4141 referuntur
1219 4103 1290 4153 mysv
