2752 4814
197 429 227 476 56
588 431 708 475 sancii
726 431 884 476 nnlnnosn

197 523 273 570 panes
283 508 391 571 quinque
407 510 518 557 rnillihus
530 512 616 571 populi
632 513 724 558 redun·
748 513 852 560 alienant
870 512 979 572 speeiem
995 511 1126 559 vertuntur
1142 506 1282 566 elementa,

197 582 331 639 daverunt3
346 580 472 628 nonenim
488 581 594 640 exiguo,
606 580 648 628 sed
659 581 725 627 mul·
750 593 795 627 nec
812 593 868 628 suos
884 581 979 641 patitur
992 579 1081 626 natura
1092 577 1218 638 detectus,
1235 590 1284 624 nec

197 650 308 710 tiplicato
323 649 379 697 cibo
392 650 512 710 populum
528 650 608 709 liquet
619 662 673 699 esse
686 663 724 698 sa-
750 661 805 695 snos
821 649 929 708 agnoscit
939 648 1021 706 orius,
1032 659 1078 694 usu
1089 646 1173 693 tamen
1182 647 1284 706 proprio

197 718 296 766 tiatum.
750 719 908 776 recognoscit.
925 715 1067 774 Quinetiam
1078 715 1165 762 melior
1178 716 1285 762 esturn-

227 787 266 835 85.
283 785 386 835 Videres
402 785 648 848 incomprehensibili
664 799 726 848 quo·
750 783 795 831 tati
807 786 860 833 vini
874 785 962 833 natura
972 797 1046 845 quarn
1056 784 1123 842 nati;
1134 782 1193 844 quia
1204 783 1232 831 in
1246 796 1285 830 ar-

197 857 253 904 dam
267 857 347 917 rigatu
362 856 428 905 inter
444 857 609 906 dividentium
625 869 725 918 manns,
750 852 824 901 bitrio
836 854 959 901 creaiorIs
966 853 1019 912 est,
1035 853 1061 901 et
1072 864 1134 912 quos
1147 865 1205 900 usus
1221 852 1285 899 velli

193 938 259 987 ¹(paras
272 938 322 975 non
337 926 475 987 fregerant,
487 926 637 974 fructificare
648 927 727 985 parti·
751 922 879 981 adsignare
894 921 1003 981 naturis,
1014 921 1040 969 et
1053 933 1114 981 quas
1124 921 1224 968 naturas
1235 921 1285 967 im.-

198 995 280 1053 culas,
303 996 329 1042 ei
346 994 439 1042 intacta
456 993 622 1054 frangentium
643 993 727 1054 digitis
751 990 842 1049 partire
860 991 997 1051 gignendis.
1014 989 1076 1037 vide
1087 989 1185 1050 quantis
1200 990 1285 1050 operi·
1318 1031 1321 1036 ,

198 1063 285 1121 sponte
303 1075 346 1108 sua
363 1061 499 1122 fragmenta
518 1063 659 1122 subrepere.
678 1061 726 1120 Qui
752 1059 1161 1120 busopusadstrnatadurnaqnam
1170 1057 1284 1107 minister

199 1130 251 1178 llaec
262 1130 337 1189 legit,
352 1129 558 1191 quemadmodum
570 1129 642 1188 juges
653 1141 728 1188 aqua·
753 1127 871 1186 infundit,
880 1127 1082 1176 odortranstusus
1090 1125 1205 1184 inebriat,
1216 1127 1284 1174 color

198 1212 254 1246 rum
265 1199 369 1247 miretur
379 1200 489 1258 menius,
505 1198 531 1246 et
540 1197 642 1258 liquidis
655 1197 728 1244 ionii·
753 1197 862 1244 mutatus
875 1196 1007 1254 informat,
1017 1195 1091 1262 tidem
1100 1206 1198 1254 quoque
1212 1205 1285 1256 sapor

198 1268 244 1316 bus
253 1269 350 1328 stupeat
358 1267 485 1315 continuos
495 1266 573 1314 fluere
582 1279 707 1315 successus
719 1281 726 1314 ε
754 1265 856 1314 haustus
866 1265 1012 1312 accumulat.
1195 1326 1198 1331 Α
1216 1328 1219 1333 ¹

198 1336 294 1397 quando
303 1335 376 1383 etiam
387 1335 458 1395 panis
466 1336 588 1395 exundat,
601 1337 626 1383 et
636 1337 728 1384 naturae
783 1335 823 1381 88.
832 1334 962 1381 conferant
970 1333 1085 1394 gentiles,
1093 1333 1114 1381 si
1122 1332 1219 1394 placei,
1227 1345 1283 1382 curn

198 1405 320 1453 solidioris
331 1406 424 1464 rigatus
434 1402 568 1452 exuberat?
584 1406 641 1451 llaec
653 1405 728 1464 igitur
753 1403 841 1450 Christi
858 1403 984 1451 beneficiis
1000 1403 1101 1450 deorum
1116 1417 1216 1452 suorum
1233 1415 1283 1450 nou

198 1475 262 1523 locta
274 1476 343 1534 sunt,
355 1474 383 1523 ut
393 1475 436 1521 illa
446 1487 541 1535 quoque
552 1487 606 1534 quae
617 1486 666 1522 non
674 1487 728 1522 cer·
754 1470 830 1529 lacta,
844 1471 886 1518 sed
894 1472 959 1519 licta.
972 1473 1061 1519 Ferunt
1071 1473 1137 1520 certe
1149 1485 1234 1521 eorum
1246 1471 1284 1519 ta·

130 1594 133 1599 ,
198 1543 294 1602 nimus,
306 1555 470 1590 cerneremus.
482 1541 527 1589 llis
535 1539 664 1588 evidenter
674 1542 729 1588 illo-
754 1537 820 1585 buln
836 1539 912 1587 tuisse
923 1553 1007 1600 regern
1017 1541 1147 1600 quemdam
1158 1541 1200 1602 qui
1211 1540 1285 1603 quid⁴

199 1623 254 1659 rum
272 1623 368 1671 qnoque
386 1610 525 1671 designavit
543 1610 682 1668 auctorem,
704 1609 729 1657 et
754 1607 813 1666 quid
824 1609 1052 1667 tangebat,aururn
1060 1610 1142 1657 tiebat.
1152 1609 1201 1659 Sed
1208 1605 1284 1659 otiam

116 1698 122 1704 ·
198 1678 274 1727 totius
279 1680 372 1725 naturae
382 1678 516 1725 creatorem
523 1677 659 1724 materialis
665 1677 728 1724 exis
755 1677 866 1724 convivia
873 1678 925 1738 ipsa
935 1678 1029 1738 leralia3
1039 1691 1095 1726 narn
1104 1680 1129 1726 et
1137 1679 1189 1740 ipsa
1195 1681 1285 1728 manii-

199 1751 267 1806 tere,
278 1760 333 1807 quae
347 1760 397 1793 non
408 1744 456 1808 (ut
468 1744 610 1805 philosophi
620 1745 707 1794 volunt
718 1743 727 1807 l
754 1743 788 1790 lia
799 1744 883 1804 digitis
891 1747 1044 1806 apprehensa
1055 1747 1183 1806 riguerunt
1195 1762 1202 1794 ε
1214 1749 1285 1796 etci-

199 1815 311 1875 reperta,
326 1815 370 1862 sed
381 1813 459 1873 iacta,
477 1813 606 1874 gignendis
617 1813 729 1860 omnibus
754 1811 800 1859 bus
816 1814 896 1862 inore
913 1816 1066 1875 crepitabat:
1078 1815 1160 1864 terens
1176 1828 1226 1863 non
1237 1816 1285 1863 ali-

198 1884 273 1931 robus
283 1894 408 1931 successus
418 1881 511 1930 defluos
522 1881 698 1930 subministrat.
755 1880 851 1941 rnenta,
873 1883 915 1930 sed
935 1884 1040 1931 vulnera
1062 1898 1069 1930 a
1092 1885 1118 1932 et
1138 1884 1164 1931 in
1185 1884 1285 1944 guttura

229 1952 268 2000 86.
280 1953 331 1998 lloc
342 1951 443 2012 quidem
453 1951 558 2010 mirum,
569 1950 690 2011 quidquid
698 1949 728 1997 de
755 1948 827 2007 potus
841 1950 963 2010 haerebat,
981 1964 1028 1998 nec
1043 1951 1172 2012 penetrare
1188 1950 1284 2010 facilis,

145 2064 147 2067 .
199 2021 344 2070 tlunrinibus
352 2021 542 2080 haurias,signo
550 2019 672 2080 dispendii
680 2033 729 2067 non
754 2028 801 2063 nec
809 2016 900 2066 redire.
911 2019 989 2079 Digna
997 2017 1285 2078 beneficiavotis,digna

200 2091 279 2138 notari
297 2103 304 2136 a
321 2089 443 2150 quidquid
458 2089 489 2136 de
499 2089 608 2137 tontibus
618 2089 729 2148 auferas,
755 2084 822 2131 tanto
832 2099 936 2133 munera
951 2088 1091 2146 precatore,
1106 2086 1178 2147 digna
1189 2086 1285 2134 libera-

200 2157 311 2205 usurario
327 2157 432 2216 quodam
447 2157 557 2215 reparari
571 2159 664 2212 meatu.
682 2155 729 2203 Sed
755 2153 811 2199 litos
826 2155 982 2203 conterente!
1000 2156 1069 2202 Talia
1086 2158 1143 2203 sunt
1161 2156 1285 2204 idolorum

201 2227 227 2275 et
239 2224 383 2273 fluminibus
398 2225 419 2271 si
434 2225 497 2271 nihil
513 2225 649 2286 decedere,
666 2226 729 2273 nihil
755 2221 891 2282 beneficia,
906 2224 935 2271 ut
950 2238 1006 2271 cum
1022 2225 1139 2273 videntur
1152 2225 1285 2284 prodesse,

200 2297 284 2342 tamen
298 2293 414 2342 rideatur
424 2293 541 2341 accedere
555 2307 562 2339 a
580 2295 606 2341 et
621 2294 730 2342 tontibus
755 2291 811 2350 plus
824 2297 928 2341 noceant
947 2307 954 2341 ε
973 2295 1067 2342 atvero
1080 2294 1169 2344 Christi
1181 2308 1285 2343 munera

200 2364 228 2425 ui
236 2364 360 2421 cumulata
371 2362 463 2410 tinente
471 2364 618 2423 cernuntur,
629 2364 662 2412 ita
671 2363 729 2410 dum
755 2373 831 2420 parra
842 2363 967 2424 videntur,
979 2365 1005 2411 et
1013 2365 1120 2411 maxima
1130 2365 1197 2413 sunt.
1208 2365 1287 2412 Deni-

200 2434 348 2480 minuuntur
355 2432 464 2490 tluenta,
475 2431 620 2492 produntur.
632 2434 663 2481 at
672 2445 730 2480 vero
756 2443 803 2490 quc
815 2444 865 2478 non
877 2433 920 2479 uni
932 2434 1034 2492 collata,
1045 2433 1088 2482 sed
1099 2434 1196 2495 populis
1206 2447 1214 2493 3
1226 2446 1286 2481 nam

200 2503 242 2549 lric
258 2502 329 2561 panis
339 2514 413 2561 quern
425 2501 515 2560 trangit
530 2503 614 2562 lesus,
626 2503 729 2563 mystice
757 2501 781 2546 et
790 2500 859 2548 cibus
872 2502 998 2550 edentium
1011 2503 1037 2549 in
1052 2516 1094 2550 ore
1109 2503 1247 2562 erescebat,
1260 2504 1287 2550 et

200 2571 300 2630 quidem
316 2569 363 2617 Dei
378 2570 482 2618 verbum
497 2571 547 2629 est,
564 2573 589 2618 et
603 2584 682 2619 sermo
699 2571 729 2618 do
756 2569 887 2633 videbatur
895 2585 947 2618 esse
959 2573 1091 2632 corporalis
1101 2573 1232 2632 alimoniae,
1242 2573 1287 2620 sed

200 2642 311 2700 Christo,
329 2641 372 2700 qui
388 2640 447 2687 dum
462 2640 597 2701 dividitur,
611 2642 728 2702 augetur;
756 2639 898 2686 sumebatur
907 2642 992 2688 salutis
1002 2643 1109 2690 aeterum.

99 2723 102 2731 ·
200 2712 232 2758 de
248 2710 334 2770 paneis
347 2709 414 2755 enirn
430 2709 600 2766 sermonibus,
617 2710 730 2756 omnihus
785 2707 824 2754 89.
836 2710 981 2758 Cur‘antern
992 2712 1100 2771 quinque
1115 2694 1288 2760 millibus'ho-

200 2779 297 2838 populis
308 2776 488 2823 redundantem
497 2777 638 2823 alimoniam
647 2778 731 2823 minis·
756 2777 849 2823 rninurn
861 2778 917 2835 plus
927 2779 1055 2839 redundat,
1066 2782 1169 2839 quatuor
1176 2780 1288 2829 millibus

200 2844 285 2892 travit.
303 2843 377 2890 Dedit
386 2854 511 2890 sermones
525 2844 596 2890 nobis
607 2845 676 2893 velut
687 2859 731 2906 pa·
756 2845 837 2893 minus
846 2845 855 2891 i
864 2846 926 2904 Quia
936 2850 1041 2908 quatuor
1056 2850 1136 2896 millia
1146 2848 1192 2897 ista
1203 2849 1288 2897 triduo

200 2926 259 2972 nes,
275 2913 318 2973 qui
336 2912 363 2959 in
378 2913 461 2960 nostro
475 2912 533 2959 dum
548 2912 659 2961 libantur
672 2927 730 2976 ore,
756 2926 813 2960 cum
825 2914 918 2962 Christo
937 2915 1050 2975 fueruni3
1070 2917 1096 2966 et
1107 2916 1163 2964 ideo
1179 2918 1288 2976 amplius

200 2982 366 3041 geminantur.
387 2980 526 3030 visibiliter
544 2995 640 3042 quoqne
660 2986 730 3044 panis
756 2984 953 3043 coelesiispabuli
961 2987 1116 3046 receperunt.

200 3052 248 3098 iste
259 3049 400 3097 incredibili
415 3051 510 3098 ratione
527 3047 585 3097 dum
595 3052 729 3113 frangitur,
787 3050 826 3098 90.
838 3052 886 3098 Nec
897 3053 974 3099 otiose
985 3066 1040 3112 quae
1048 3053 1127 3100 turbas
1139 3053 1287 3113 supersunt,

200 3119 260 3166 dnm
279 3117 413 3176 dividitur,
430 3115 489 3164 durn
509 3118 598 3177 editur,
614 3120 667 3167 sine
680 3123 730 3168 ulla
757 3131 771 3166 a
785 3119 913 3179 discipulis
929 3121 1094 3180 colliguntur;
1112 3121 1169 3181 quia
1184 3134 1214 3168 ea
1230 3135 1287 3182 quas

201 3186 325 3247 dispendii
334 3186 552 3246 comprehensione
568 3190 715 3237 cumulatur.
757 3187 841 3235 divina
850 3190 917 3247 suni,
928 3190 993 3249 apud
1002 3191 1093 3237 electos
1104 3189 1201 3237 facilius
1208 3191 1289 3250 possis

151 3272 155 3284 ·
232 3256 271 3304 87.
288 3255 444 3303 Necduhites
454 3257 494 3302 vel
506 3255 570 3315 quod
581 3257 607 3302 in
618 3258 731 3306 manibus
756 3268 831 3316 quarn
850 3257 917 3316 apud
938 3259 1040 3318 populos
1056 3259 1174 3318 reperire.
1187 3259 1288 3306 Utinam

201 3323 410 3381 ministrantium,
433 3324 473 3370 rel
494 3323 520 3369 in
540 3336 582 3370 ore
604 3324 731 3385 edentium
757 3325 818 3371 mibi
830 3326 953 3385 contingat
963 3327 1048 3374 audire
1061 3341 1068 3373 a
1079 3327 1232 3388 Colligequae
1243 3341 1290 3376 su-

141 3403 148 3413 ·
202 3393 309 3450 crescat3
330 3391 425 3450 quando
441 3391 534 3450 ubique
554 3393 631 3440 nostri
649 3396 731 3454 operis
757 3395 869 3453 persunt.
886 3396 912 3442 Si
929 3396 1031 3443 audiero
1042 3398 1067 3444 et
1081 3396 1177 3455 fecero,
1190 3392 1289 3445 habebo

201 3459 369 3509 testimonium
385 3459 416 3506 ad
427 3460 611 3507 firmamentum
624 3461 731 3508 creduli·
757 3464 834 3511 multa
851 3477 906 3524 qnae
923 3465 1016 3525 turbe,
1032 3466 1128 3513 habebo
1139 3465 1217 3513 multa
1231 3479 1288 3526 qun

201 3529 258 3577 tatis
269 3526 419 3575 adsciscitur.
437 3527 476 3574 Sic
487 3527 513 3573 in
529 3527 622 3586 nuptiis
633 3540 665 3574 ex
675 3528 732 3575 lon·
757 3533 829 3590 pueri
848 3532 874 3578 et
885 3533 1002 3582 mulieres
1017 3535 1090 3582 edere
1108 3535 1288 3594 nequiverunt.

202 3595 353 3654 tibusrina,
367 3593 487 3642 ministris
502 3595 677 3655 operantibus,
690 3611 732 3645 co-
758 3600 846 3648 sseaius
867 3601 910 3649 ille
930 3603 974 3662 qni
995 3604 1076 3663 potest
1095 3603 1211 3663 colligere
1228 3616 1289 3664 quae

200 3665 352 3724 lorantur,ei
361 3664 408 3724 ipsi
415 3658 731 3724 quiimpleveranthydrios
757 3663 832 3715 etiam
844 3668 923 3715 doctis
931 3671 1071 3730 supersunt.

202 3732 372 3792 aqua,vinum
381 3733 502 3792 quodnon
511 3733 659 3794 detulerant,
669 3735 730 3782 hau·
787 3735 966 3784 9l.Videarnus
974 3733 1207 3795 quornodooolllgai.
1216 3735 1290 3782 Dixit

202 3798 308 3849 riebant.
327 3799 526 3858 comprehende,
536 3802 557 3846 si
568 3801 652 3860 potes,
664 3803 731 3850 tanta
757 3804 809 3852 Lex
822 3817 829 3849 a
841 3807 896 3851 Non
906 3805 1065 3853 naoectiobcris.
1072 3800 1155 3864 Fregit
1164 3804 1231 3849 hunc
1243 3816 1289 3860 pa·

201 3876 285 3911 rerum
295 3863 421 3910 miracula.
432 3866 478 3913 llic
489 3866 619 3914 edentibus
633 3869 731 3926 populis
756 3884 814 3919 nean
824 3871 946 3928 Christus,
957 3872 1041 3919 divisit
1053 3872 1098 3918 hoc
1108 3871 1225 3926 verbum,
1236 3880 1290 3916 non

202 3930 317 3979 creseunt
330 3930 382 3978 suis
397 3931 530 3991 fragmenta
540 3933 688 3993 dispendiis,
705 3937 731 3982 et
757 3939 856 3985 aliunde
867 3938 995 3998 adjiciens,
1005 3940 1048 3987 sed
1057 3939 1088 3986 de
1101 3950 1144 3984 sno
1155 3937 1287 3996 partiens:

203 4000 235 4047 de
252 3999 361 4060 quinquo
378 4001 482 4060 panibus
497 4003 601 4062 majores
618 4003 731 4064 reliquiae
757 4009 802 4068 Qui
813 4007 908 4063 viderit,
920 4007 1014 4065 inquit,
1025 4005 1144 4052 mulierem
1158 4007 1188 4052 od
1199 4018 1290 4054 concu-

202 4080 276 4128 quarn
286 4080 380 4117 summa
396 4070 447 4131 est,
462 4071 612 4130 colliguntur
622 4083 630 4118 a
641 4071 693 4120 illic
704 4073 730 4120 in
754 4074 896 4134 piscendam,
903 4075 956 4133 jam
963 4073 1089 4120 mechatur
1096 4074 1195 4122 caleam.
1203 4072 1290 4123 ilabes
