<?xml version="1.0" encoding="UTF-8"?>
<!DOCTYPE html PUBLIC "-//W3C//DTD XHTML 1.0 Transitional//EN"
    "http://www.w3.org/TR/xhtml1/DTD/xhtml1-transitional.dtd">
<html xmlns="http://www.w3.org/1999/xhtml" xml:lang="en" lang="en">
 <head>
  <title>
</title>
<meta http-equiv="Content-Type" content="text/html;charset=utf-8" />
  <meta name='ocr-system' content='tesseract 3.04.00' />
  <meta name='ocr-capabilities' content='ocr_page ocr_carea ocr_par ocr_line ocrx_word'/>
</head>
<body>
  <div class='ocr_page' id='page_1' title='image "./operaomnia01ambrgoog/operaomnia01ambrgoog_0426.png"; bbox 0 0 2760 4808; ppageno 0'>
   <div class='ocr_carea' id='block_1_1' title="bbox 146 375 1225 529">
    <p class='ocr_par' dir='ltr' id='par_1_1' title="bbox 146 375 1225 529">
     <span class='ocr_line' id='line_1_1' title="bbox 454 375 1225 438; baseline 0.001 -8"><span class='ocrx_word' id='word_1_1' title='bbox 454 389 459 400; x_wconf 47' lang='lat'><strong><em>¹·</em></strong></span> <span class='ocrx_word' id='word_1_2' title='bbox 491 375 494 380; x_wconf 80' lang='grc'>’</span> <span class='ocrx_word' id='word_1_3' title='bbox 521 382 565 430; x_wconf 79' lang='lat' dir='ltr'><strong><em>es</em></strong></span> <span class='ocrx_word' id='word_1_4' title='bbox 586 383 680 438; x_wconf 75' lang='lat' dir='ltr'><strong><em>erne,</em></strong></span> <span class='ocrx_word' id='word_1_5' title='bbox 696 383 797 429; x_wconf 81' lang='lat' dir='ltr'><strong><em>uteru</em></strong></span> <span class='ocrx_word' id='word_1_6' title='bbox 817 386 846 434; x_wconf 80' lang='lat' dir='ltr'><strong><em>v.</em></strong></span> <span class='ocrx_word' id='word_1_7' title='bbox 1177 383 1225 432; x_wconf 78' lang='lat' dir='ltr'><strong><em>eei</em></strong></span> 
     </span>
     <span class='ocr_line' id='line_1_2' title="bbox 146 455 1223 529; baseline 0.003 -16"><span class='ocrx_word' id='word_1_8' title='bbox 146 463 221 515; x_wconf 89' lang='lat' dir='ltr'><strong><em>sionis</em></strong></span> <span class='ocrx_word' id='word_1_9' title='bbox 239 465 286 516; x_wconf 83' lang='lat' dir='ltr'><strong><em>lroc</em></strong></span> <span class='ocrx_word' id='word_1_10' title='bbox 300 479 391 518; x_wconf 87' lang='lat' dir='ltr'><strong><em>munus</em></strong></span> <span class='ocrx_word' id='word_1_11' title='bbox 410 464 458 528; x_wconf 88' lang='lat' dir='ltr'><strong><em>stt,</em></strong></span> <span class='ocrx_word' id='word_1_12' title='bbox 478 465 567 528; x_wconf 85' lang='lat' dir='ltr'><strong><em>utique</em></strong></span> <span class='ocrx_word' id='word_1_13' title='bbox 583 468 673 528; x_wconf 84' lang='lat' dir='ltr'><strong><em>inquo</em></strong></span> <span class='ocrx_word' id='word_1_14' title='bbox 697 465 761 514; x_wconf 76' lang='lat' dir='ltr'><strong><em>Pilio</em></strong></span> <span class='ocrx_word' id='word_1_15' title='bbox 768 465 896 515; x_wconf 85' lang='lat' dir='ltr'><strong><em>seientiam</em></strong></span> <span class='ocrx_word' id='word_1_16' title='bbox 905 465 1031 529; x_wconf 71' lang='lat' dir='ltr'><strong><em>derogent,</em></strong></span> <span class='ocrx_word' id='word_1_17' title='bbox 1040 455 1223 529; x_wconf 69' lang='lat' dir='ltr'><strong><em>perhorreseatp</em></strong></span> 
     </span>
    </p>
   </div>
   <div class='ocr_carea' id='block_1_2' title="bbox 145 521 1308 595">
    <p class='ocr_par' dir='ltr' id='par_1_2' title="bbox 145 521 1308 595">
     <span class='ocr_line' id='line_1_3' title="bbox 145 521 1308 595; baseline 0.002 -14"><span class='ocrx_word' id='word_1_18' title='bbox 145 544 230 593; x_wconf 84' lang='lat' dir='ltr'><strong><em>pessus</em></strong></span> <span class='ocrx_word' id='word_1_19' title='bbox 240 533 291 594; x_wconf 90' lang='lat' dir='ltr'><strong><em>est,</em></strong></span> <span class='ocrx_word' id='word_1_20' title='bbox 300 535 328 582; x_wconf 92' lang='lat' dir='ltr'><strong><em>tn</em></strong></span> <span class='ocrx_word' id='word_1_21' title='bbox 338 536 384 584; x_wconf 87' lang='lat' dir='ltr'><strong><em>bec</em></strong></span> <span class='ocrx_word' id='word_1_22' title='bbox 395 536 444 585; x_wconf 90' lang='lat' dir='ltr'><strong><em>erit</em></strong></span> <span class='ocrx_word' id='word_1_23' title='bbox 455 535 616 595; x_wconf 76' lang='lat' dir='ltr'><strong><em>subtectusin</em></strong></span> <span class='ocrx_word' id='word_1_24' title='bbox 626 547 673 583; x_wconf 91' lang='lat' dir='ltr'><strong><em>no·</em></strong></span> <span class='ocrx_word' id='word_1_25' title='bbox 697 534 732 582; x_wconf 87' lang='lat' dir='ltr'><strong><em>sie</em></strong></span> <span class='ocrx_word' id='word_1_26' title='bbox 743 535 810 581; x_wconf 88' lang='lat' dir='ltr'><strong><em>enim</em></strong></span> <span class='ocrx_word' id='word_1_27' title='bbox 821 533 914 582; x_wconf 83' lang='lat' dir='ltr'><strong><em>habes:</em></strong></span> <span class='ocrx_word' id='word_1_28' title='bbox 928 537 955 582; x_wconf 85' lang='lat' dir='ltr'><strong><em>lu</em></strong></span> <span class='ocrx_word' id='word_1_29' title='bbox 973 535 1092 584; x_wconf 74' lang='lat' dir='ltr'><strong><em>laboribus</em></strong></span> <span class='ocrx_word' id='word_1_30' title='bbox 1103 536 1224 584; x_wconf 78' lang='lat' dir='ltr'><strong><em>imminuet</em></strong></span> <span class='ocrx_word' id='word_1_31' title='bbox 1298 521 1308 538; x_wconf 89' lang='lat'><em>&#39;</em></span> 
     </span>
    </p>
   </div>
   <div class='ocr_carea' id='block_1_3' title="bbox 144 599 1286 2372">
    <p class='ocr_par' dir='ltr' id='par_1_3' title="bbox 144 599 1286 2372">
     <span class='ocr_line' id='line_1_4' title="bbox 146 599 1286 666; baseline 0.002 -16"><span class='ocrx_word' id='word_1_32' title='bbox 146 599 193 650; x_wconf 86' lang='lat' dir='ltr'><strong><em>bis.</em></strong></span> <span class='ocrx_word' id='word_1_33' title='bbox 212 603 348 661; x_wconf 74' lang='lat' dir='ltr'>Quaerimus</span> <span class='ocrx_word' id='word_1_34' title='bbox 365 617 413 666; x_wconf 85' lang='lat' dir='ltr'><strong><em>qua</em></strong></span> <span class='ocrx_word' id='word_1_35' title='bbox 433 602 523 653; x_wconf 80' lang='lat' dir='ltr'><strong><em>causei</em></strong></span> <span class='ocrx_word' id='word_1_36' title='bbox 536 604 568 653; x_wconf 88' lang='lat' dir='ltr'><strong><em>Ut</em></strong></span> <span class='ocrx_word' id='word_1_37' title='bbox 578 610 581 614; x_wconf 83' lang='grc'><strong>’</strong></span> <span class='ocrx_word' id='word_1_38' title='bbox 591 614 672 664; x_wconf 82' lang='lat' dir='ltr'><strong><em>neque</em></strong></span> <span class='ocrx_word' id='word_1_39' title='bbox 696 614 744 649; x_wconf 83' lang='lat' dir='ltr'><strong><em>uon</em></strong></span> <span class='ocrx_word' id='word_1_40' title='bbox 754 603 817 663; x_wconf 87' lang='lat' dir='ltr'><strong><em>suut,</em></strong></span> <span class='ocrx_word' id='word_1_41' title='bbox 829 604 850 649; x_wconf 88' lang='lat' dir='ltr'><strong><em>et</em></strong></span> <span class='ocrx_word' id='word_1_42' title='bbox 861 615 914 649; x_wconf 86' lang='lat' dir='ltr'><strong><em>cum</em></strong></span> <span class='ocrx_word' id='word_1_43' title='bbox 921 602 1052 651; x_wconf 81' lang='lat' dir='ltr'><strong><em>bominibus</em></strong></span> <span class='ocrx_word' id='word_1_44' title='bbox 1062 617 1109 651; x_wconf 84' lang='lat' dir='ltr'><strong><em>uon</em></strong></span> <span class='ocrx_word' id='word_1_45' title='bbox 1119 605 1226 664; x_wconf 76' lang='lat' dir='ltr'><strong><em>tlopellu·</em></strong></span> <span class='ocrx_word' id='word_1_46' title='bbox 1282 634 1286 641; x_wconf 79' lang='lat'><em>·</em></span> 
     </span>
     <span class='ocr_line' id='line_1_5' title="bbox 145 669 1224 734; baseline 0.003 -17"><span class='ocrx_word' id='word_1_47' title='bbox 145 669 335 732; x_wconf 64' lang='lat' dir='ltr'><strong><em>inpotensque</em></strong></span> <span class='ocrx_word' id='word_1_48' title='bbox 346 673 462 733; x_wconf 81' lang='lat' dir='ltr'><strong><em>virtutes,</em></strong></span> <span class='ocrx_word' id='word_1_49' title='bbox 470 685 551 734; x_wconf 87' lang='lat' dir='ltr'><strong><em>neque</em></strong></span> <span class='ocrx_word' id='word_1_50' title='bbox 560 672 672 731; x_wconf 84' lang='lat' dir='ltr'><strong>altitudo,</strong></span> <span class='ocrx_word' id='word_1_51' title='bbox 698 671 797 732; x_wconf 83' lang='lat' dir='ltr'><strong><em>buutur3</em></strong></span> <span class='ocrx_word' id='word_1_52' title='bbox 806 674 855 720; x_wconf 87' lang='lat' dir='ltr'><strong><em>ideo</em></strong></span> <span class='ocrx_word' id='word_1_53' title='bbox 864 672 963 720; x_wconf 73' lang='lat' dir='ltr'><strong><em>obtinuit</em></strong></span> <span class='ocrx_word' id='word_1_54' title='bbox 971 685 1008 720; x_wconf 87' lang='lat' dir='ltr'><strong><em>eos</em></strong></span> <span class='ocrx_word' id='word_1_55' title='bbox 1016 674 1224 734; x_wconf 69' lang='lat' dir='ltr'><strong><em>superbiremus,</em></strong></span> 
     </span>
     <span class='ocr_line' id='line_1_6' title="bbox 145 740 1226 804; baseline 0.005 -19"><span class='ocrx_word' id='word_1_56' title='bbox 145 746 226 798; x_wconf 83' lang='lat' dir='ltr'><strong><em>neque</em></strong></span> <span class='ocrx_word' id='word_1_57' title='bbox 244 740 407 804; x_wconf 87' lang='lat' dir='ltr'><strong><em>protundum,</em></strong></span> <span class='ocrx_word' id='word_1_58' title='bbox 428 755 510 803; x_wconf 86' lang='lat' dir='ltr'><strong><em>neque</em></strong></span> <span class='ocrx_word' id='word_1_59' title='bbox 530 741 673 802; x_wconf 80' lang='lat' dir='ltr'><strong><em>praesentia,</em></strong></span> <span class='ocrx_word' id='word_1_60' title='bbox 697 742 797 802; x_wconf 73' lang='lat' dir='ltr'><strong><em>cooperti</em></strong></span> <span class='ocrx_word' id='word_1_61' title='bbox 806 742 861 788; x_wconf 86' lang='lat' dir='ltr'><strong><em>suut</em></strong></span> <span class='ocrx_word' id='word_1_62' title='bbox 870 741 991 801; x_wconf 72' lang='lat' dir='ltr'><strong><em>iniquitate</em></strong></span> <span class='ocrx_word' id='word_1_63' title='bbox 1002 743 1024 788; x_wconf 86' lang='lat' dir='ltr'><strong><em>ct</em></strong></span> <span class='ocrx_word' id='word_1_64' title='bbox 1034 743 1150 802; x_wconf 87' lang='lat' dir='ltr'><strong><em>impietate</em></strong></span> <span class='ocrx_word' id='word_1_65' title='bbox 1160 752 1226 791; x_wconf 76' lang='lat' dir='ltr'><strong><em>suos</em></strong></span> 
     </span>
     <span class='ocr_line' id='line_1_7' title="bbox 146 807 1226 871; baseline 0.004 -19"><span class='ocrx_word' id='word_1_66' title='bbox 146 815 228 867; x_wconf 86' lang='lat' dir='ltr'><strong><em>neque</em></strong></span> <span class='ocrx_word' id='word_1_67' title='bbox 239 807 337 871; x_wconf 85' lang='lat' dir='ltr'><strong><em>futura,</em></strong></span> <span class='ocrx_word' id='word_1_68' title='bbox 347 823 429 871; x_wconf 87' lang='lat' dir='ltr'><strong><em>neque</em></strong></span> <span class='ocrx_word' id='word_1_69' title='bbox 446 811 559 859; x_wconf 87' lang='lat' dir='ltr'><strong><em>ereatura</em></strong></span> <span class='ocrx_word' id='word_1_70' title='bbox 570 811 619 857; x_wconf 80' lang='lat' dir='ltr'><strong><em>elia</em></strong></span> <span class='ocrx_word' id='word_1_71' title='bbox 634 821 675 857; x_wconf 92' lang='lat' dir='ltr'><strong><em>se·</em></strong></span> <span class='ocrx_word' id='word_1_72' title='bbox 695 810 887 869; x_wconf 80' lang='lat' dir='ltr'><strong><em>proditiquosieac</em></strong></span> <span class='ocrx_word' id='word_1_73' title='bbox 892 809 1226 871; x_wconf 64' lang='lat' dir='ltr'><strong><em>udipciuiquiteseorurmper·</em></strong></span> 
     </span>
     <span class='ocr_line' id='line_1_8' title="bbox 145 871 1225 939; baseline 0.002 -17"><span class='ocrx_word' id='word_1_74' title='bbox 145 871 232 935; x_wconf 83' lang='lat' dir='ltr'><strong><em>parare</em></strong></span> <span class='ocrx_word' id='word_1_75' title='bbox 247 888 292 926; x_wconf 87' lang='lat' dir='ltr'><strong><em>nos</em></strong></span> <span class='ocrx_word' id='word_1_76' title='bbox 304 880 381 939; x_wconf 84' lang='lat' dir='ltr'><strong><em>possit</em></strong></span> <span class='ocrx_word' id='word_1_77' title='bbox 399 892 413 926; x_wconf 87' lang='lat' dir='ltr'><strong><em>a</em></strong></span> <span class='ocrx_word' id='word_1_78' title='bbox 430 878 532 928; x_wconf 88' lang='lat' dir='ltr'><strong><em>caritate</em></strong></span> <span class='ocrx_word' id='word_1_79' title='bbox 542 878 603 938; x_wconf 88' lang='lat' dir='ltr'><strong><em>Dei,</em></strong></span> <span class='ocrx_word' id='word_1_80' title='bbox 618 888 674 938; x_wconf 86' lang='lat' dir='ltr'><strong><em>quae</em></strong></span> <span class='ocrx_word' id='word_1_81' title='bbox 697 877 843 924; x_wconf 78' lang='lat' dir='ltr'><strong><em>transierunt</em></strong></span> <span class='ocrx_word' id='word_1_82' title='bbox 857 877 884 923; x_wconf 81' lang='lat' dir='ltr'><strong><em>in</em></strong></span> <span class='ocrx_word' id='word_1_83' title='bbox 896 877 1064 937; x_wconf 78' lang='lat' dir='ltr'><strong><em>dispositionem</em></strong></span> <span class='ocrx_word' id='word_1_84' title='bbox 1074 879 1157 926; x_wconf 80' lang='lat' dir='ltr'><strong><em>eorde.</em></strong></span> <span class='ocrx_word' id='word_1_85' title='bbox 1169 877 1225 924; x_wconf 75' lang='lat' dir='ltr'><strong><em>Uti·</em></strong></span> 
     </span>
     <span class='ocr_line' id='line_1_9' title="bbox 146 943 1225 1008; baseline 0.003 -16"><span class='ocrx_word' id='word_1_86' title='bbox 146 943 184 992; x_wconf 88' lang='lat' dir='ltr'><strong><em>est</em></strong></span> <span class='ocrx_word' id='word_1_87' title='bbox 194 944 221 992; x_wconf 87' lang='lat' dir='ltr'><strong><em>tn</em></strong></span> <span class='ocrx_word' id='word_1_88' title='bbox 230 946 326 995; x_wconf 89' lang='lat' dir='ltr'><strong><em>christo</em></strong></span> <span class='ocrx_word' id='word_1_89' title='bbox 341 949 408 995; x_wconf 86' lang='lat' dir='ltr'><strong><em>lesu.</em></strong></span> <span class='ocrx_word' id='word_1_90' title='bbox 421 948 539 996; x_wconf 85' lang='lat' dir='ltr'><strong><em>videmus</em></strong></span> <span class='ocrx_word' id='word_1_91' title='bbox 549 947 632 1008; x_wconf 86' lang='lat' dir='ltr'><strong><em>itaque</em></strong></span> <span class='ocrx_word' id='word_1_92' title='bbox 641 957 673 993; x_wconf 90' lang='lat' dir='ltr'><strong><em>ex</em></strong></span> <span class='ocrx_word' id='word_1_93' title='bbox 697 959 745 1006; x_wconf 86' lang='lat' dir='ltr'><strong><em>que</em></strong></span> <span class='ocrx_word' id='word_1_94' title='bbox 756 957 798 994; x_wconf 92' lang='lat' dir='ltr'><strong><em>eos</em></strong></span> <span class='ocrx_word' id='word_1_95' title='bbox 810 944 957 993; x_wconf 87' lang='lat' dir='ltr'><strong><em>condemnat</em></strong></span> <span class='ocrx_word' id='word_1_96' title='bbox 967 945 1010 1006; x_wconf 89' lang='lat' dir='ltr'><strong><em>qui</em></strong></span> <span class='ocrx_word' id='word_1_97' title='bbox 1021 958 1053 993; x_wconf 84' lang='lat' dir='ltr'><strong><em>ex</em></strong></span> <span class='ocrx_word' id='word_1_98' title='bbox 1063 944 1225 1006; x_wconf 85' lang='lat' dir='ltr'><strong><em>dispositione·</em></strong></span> 
     </span>
     <span class='ocr_line' id='line_1_10' title="bbox 145 1011 1227 1078; baseline 0 -17"><span class='ocrx_word' id='word_1_99' title='bbox 145 1011 185 1062; x_wconf 82' lang='lat' dir='ltr'><strong><em>his</em></strong></span> <span class='ocrx_word' id='word_1_100' title='bbox 192 1026 247 1075; x_wconf 80' lang='lat' dir='ltr'><strong><em>quae</em></strong></span> <span class='ocrx_word' id='word_1_101' title='bbox 255 1015 373 1077; x_wconf 86' lang='lat' dir='ltr'><strong><em>diximus,</em></strong></span> <span class='ocrx_word' id='word_1_102' title='bbox 381 1017 475 1066; x_wconf 88' lang='lat' dir='ltr'><strong><em>nullam</em></strong></span> <span class='ocrx_word' id='word_1_103' title='bbox 482 1017 612 1078; x_wconf 87' lang='lat' dir='ltr'><strong><em>exceptam</em></strong></span> <span class='ocrx_word' id='word_1_104' title='bbox 620 1026 674 1063; x_wconf 87' lang='lat' dir='ltr'><strong><em>esse</em></strong></span> <span class='ocrx_word' id='word_1_105' title='bbox 697 1015 778 1062; x_wconf 87' lang='lat' dir='ltr'><strong><em>cordis</em></strong></span> <span class='ocrx_word' id='word_1_106' title='bbox 786 1014 991 1074; x_wconf 77' lang='lat' dir='ltr'><strong><em>aestimandaque</em></strong></span> <span class='ocrx_word' id='word_1_107' title='bbox 1000 1013 1085 1062; x_wconf 82' lang='lat' dir='ltr'><strong><em>divina</em></strong></span> <span class='ocrx_word' id='word_1_108' title='bbox 1102 1014 1173 1073; x_wconf 90' lang='lat' dir='ltr'><strong><em>sunt,</em></strong></span> <span class='ocrx_word' id='word_1_109' title='bbox 1184 1026 1227 1062; x_wconf 84' lang='lat' dir='ltr'><strong><em>ar-</em></strong></span> 
     </span>
     <span class='ocr_line' id='line_1_11' title="bbox 145 1078 1227 1145; baseline 0 -14"><span class='ocrx_word' id='word_1_110' title='bbox 145 1084 283 1138; x_wconf 86' lang='lat' dir='ltr'><strong><em>ereaturam</em></strong></span> <span class='ocrx_word' id='word_1_111' title='bbox 294 1096 302 1129; x_wconf 77' lang='lat' dir='ltr'><strong><em>r</em></strong></span> <span class='ocrx_word' id='word_1_112' title='bbox 313 1083 436 1145; x_wconf 89' lang='lat' dir='ltr'><strong><em>sedistis,</em></strong></span> <span class='ocrx_word' id='word_1_113' title='bbox 447 1097 508 1144; x_wconf 82' lang='lat' dir='ltr'><strong><em>quus</em></strong></span> <span class='ocrx_word' id='word_1_114' title='bbox 518 1083 673 1143; x_wconf 87' lang='lat' dir='ltr'><strong><em>supradixit,</em></strong></span> <span class='ocrx_word' id='word_1_115' title='bbox 697 1081 819 1131; x_wconf 75' lang='lat' dir='ltr'><strong><em>tritrintur</em></strong></span> <span class='ocrx_word' id='word_1_116' title='bbox 836 1095 843 1130; x_wconf 71' lang='grc' dir='ltr'><strong>ι</strong></span> <span class='ocrx_word' id='word_1_117' title='bbox 861 1094 919 1130; x_wconf 88' lang='lat' dir='ltr'><strong><em>nam</em></strong></span> <span class='ocrx_word' id='word_1_118' title='bbox 934 1084 1000 1130; x_wconf 85' lang='lat' dir='ltr'><strong><em>Deus</em></strong></span> <span class='ocrx_word' id='word_1_119' title='bbox 1014 1094 1061 1130; x_wconf 86' lang='lat' dir='ltr'><strong><em>nee</em></strong></span> <span class='ocrx_word' id='word_1_120' title='bbox 1072 1078 1227 1142; x_wconf 82' lang='lat' dir='ltr'><strong><em>dispositioni</em></strong></span> 
     </span>
     <span class='ocr_line' id='line_1_12' title="bbox 145 1151 1226 1213; baseline 0.001 -15"><span class='ocrx_word' id='word_1_121' title='bbox 145 1161 256 1211; x_wconf 89' lang='lat' dir='ltr'><strong><em>onmem,</em></strong></span> <span class='ocrx_word' id='word_1_122' title='bbox 264 1152 285 1199; x_wconf 91' lang='lat' dir='ltr'><strong><em>si</em></strong></span> <span class='ocrx_word' id='word_1_123' title='bbox 293 1163 341 1212; x_wconf 90' lang='lat' dir='ltr'><strong><em>qua</em></strong></span> <span class='ocrx_word' id='word_1_124' title='bbox 352 1154 404 1213; x_wconf 89' lang='lat' dir='ltr'><strong><em>est,</em></strong></span> <span class='ocrx_word' id='word_1_125' title='bbox 415 1153 600 1201; x_wconf 79' lang='lat' dir='ltr'><strong><em>annumeratam</em></strong></span> <span class='ocrx_word' id='word_1_126' title='bbox 610 1164 672 1201; x_wconf 88' lang='lat' dir='ltr'><strong><em>esse.</em></strong></span> <span class='ocrx_word' id='word_1_127' title='bbox 698 1152 736 1199; x_wconf 88' lang='lat' dir='ltr'><strong><em>est</em></strong></span> <span class='ocrx_word' id='word_1_128' title='bbox 743 1151 878 1211; x_wconf 86' lang='lat' dir='ltr'><strong><em>subjectus,</em></strong></span> <span class='ocrx_word' id='word_1_129' title='bbox 886 1163 933 1199; x_wconf 87' lang='lat' dir='ltr'><strong><em>nee</em></strong></span> <span class='ocrx_word' id='word_1_130' title='bbox 940 1151 1035 1211; x_wconf 83' lang='lat' dir='ltr'><strong><em>ordini3</em></strong></span> <span class='ocrx_word' id='word_1_131' title='bbox 1046 1151 1142 1211; x_wconf 88' lang='lat' dir='ltr'><strong><em>quando</em></strong></span> <span class='ocrx_word' id='word_1_132' title='bbox 1150 1151 1226 1199; x_wconf 88' lang='lat' dir='ltr'><strong><em>ettam</em></strong></span> 
     </span>
     <span class='ocr_line' id='line_1_13' title="bbox 165 1215 1226 1280; baseline 0.006 -18"><span class='ocrx_word' id='word_1_133' title='bbox 165 1215 230 1264; x_wconf 75' lang='lat' dir='ltr'><strong><em>ibt.</em></strong></span> <span class='ocrx_word' id='word_1_134' title='bbox 242 1217 319 1267; x_wconf 82' lang='lat' dir='ltr'><strong><em>Simul</em></strong></span> <span class='ocrx_word' id='word_1_135' title='bbox 336 1220 412 1267; x_wconf 86' lang='lat' dir='ltr'><strong><em>ettam</em></strong></span> <span class='ocrx_word' id='word_1_136' title='bbox 428 1220 491 1267; x_wconf 92' lang='lat' dir='ltr'><strong><em>illud</em></strong></span> <span class='ocrx_word' id='word_1_137' title='bbox 509 1221 547 1268; x_wconf 89' lang='lat' dir='ltr'><strong><em>est</em></strong></span> <span class='ocrx_word' id='word_1_138' title='bbox 565 1219 674 1268; x_wconf 90' lang='lat' dir='ltr'><strong><em>conside-</em></strong></span> <span class='ocrx_word' id='word_1_139' title='bbox 698 1219 751 1279; x_wconf 88' lang='lat' dir='ltr'><strong><em>ipsa</em></strong></span> <span class='ocrx_word' id='word_1_140' title='bbox 758 1219 884 1280; x_wconf 82' lang='lat' dir='ltr'><strong><em>qnaesunt</em></strong></span> <span class='ocrx_word' id='word_1_141' title='bbox 895 1220 922 1267; x_wconf 90' lang='lat' dir='ltr'><strong><em>in</em></strong></span> <span class='ocrx_word' id='word_1_142' title='bbox 931 1232 978 1269; x_wconf 89' lang='lat' dir='ltr'><strong><em>usu</em></strong></span> <span class='ocrx_word' id='word_1_143' title='bbox 988 1219 1126 1279; x_wconf 89' lang='lat' dir='ltr'><strong><em>hominum,</em></strong></span> <span class='ocrx_word' id='word_1_144' title='bbox 1137 1219 1163 1266; x_wconf 91' lang='lat' dir='ltr'><strong><em>et</em></strong></span> <span class='ocrx_word' id='word_1_145' title='bbox 1170 1220 1226 1268; x_wconf 56' lang='lat' dir='ltr'><strong><em>sucss</em></strong></span> 
     </span>
     <span class='ocr_line' id='line_1_14' title="bbox 146 1283 1227 1350; baseline 0.006 -21"><span class='ocrx_word' id='word_1_146' title='bbox 146 1283 264 1346; x_wconf 88' lang='lat' dir='ltr'><strong><em>randum,</em></strong></span> <span class='ocrx_word' id='word_1_147' title='bbox 292 1286 360 1346; x_wconf 84' lang='lat' dir='ltr'><strong><em>quod</em></strong></span> <span class='ocrx_word' id='word_1_148' title='bbox 379 1298 436 1334; x_wconf 91' lang='lat' dir='ltr'><strong><em>cum</em></strong></span> <span class='ocrx_word' id='word_1_149' title='bbox 460 1287 488 1334; x_wconf 90' lang='lat' dir='ltr'><strong><em>in</em></strong></span> <span class='ocrx_word' id='word_1_150' title='bbox 507 1287 674 1348; x_wconf 85' lang='lat' dir='ltr'><strong><em>superioribus</em></strong></span> <span class='ocrx_word' id='word_1_151' title='bbox 698 1289 807 1337; x_wconf 83' lang='lat' dir='ltr'><strong><em>cessione</em></strong></span> <span class='ocrx_word' id='word_1_152' title='bbox 818 1289 916 1350; x_wconf 76' lang='lat' dir='ltr'><strong><em>generis</em></strong></span> <span class='ocrx_word' id='word_1_153' title='bbox 933 1290 1048 1347; x_wconf 88' lang='lat' dir='ltr'><strong><em>hnmani,</em></strong></span> <span class='ocrx_word' id='word_1_154' title='bbox 1066 1300 1114 1335; x_wconf 90' lang='lat' dir='ltr'><strong><em>non</em></strong></span> <span class='ocrx_word' id='word_1_155' title='bbox 1129 1298 1227 1347; x_wconf 87' lang='lat' dir='ltr'><strong><em>semper</em></strong></span> 
     </span>
     <span class='ocr_line' id='line_1_15' title="bbox 145 1350 1227 1418; baseline -0.001 -13"><span class='ocrx_word' id='word_1_156' title='bbox 145 1350 238 1405; x_wconf 76' lang='lat' dir='ltr'><strong><em>dixerit</em></strong></span> <span class='ocrx_word' id='word_1_157' title='bbox 257 1367 264 1400; x_wconf 73' lang='grc' dir='ltr'><strong>ε</strong></span> <span class='ocrx_word' id='word_1_158' title='bbox 281 1357 338 1416; x_wconf 84' lang='lat' dir='ltr'><strong><em>Quts</em></strong></span> <span class='ocrx_word' id='word_1_159' title='bbox 351 1368 393 1405; x_wconf 86' lang='lat' dir='ltr'><strong><em>uos</em></strong></span> <span class='ocrx_word' id='word_1_160' title='bbox 406 1356 524 1418; x_wconf 71' lang='lat' dir='ltr'><strong><em>emorobit</em></strong></span> <span class='ocrx_word' id='word_1_161' title='bbox 543 1359 674 1404; x_wconf 84' lang='lat' dir='ltr'><strong><em>ecaritate</em></strong></span> <span class='ocrx_word' id='word_1_162' title='bbox 697 1357 780 1417; x_wconf 84' lang='lat' dir='ltr'><strong><em>atique</em></strong></span> <span class='ocrx_word' id='word_1_163' title='bbox 792 1357 910 1406; x_wconf 70' lang='lat' dir='ltr'><strong><em>&#39;solemnis</em></strong></span> <span class='ocrx_word' id='word_1_164' title='bbox 933 1356 1092 1417; x_wconf 83' lang='lat' dir='ltr'><strong><em>dispositione</em></strong></span> <span class='ocrx_word' id='word_1_165' title='bbox 1110 1355 1227 1417; x_wconf 81' lang='lat' dir='ltr'><strong><em>rationis,</em></strong></span> 
     </span>
     <span class='ocr_line' id='line_1_16' title="bbox 145 1421 1227 1486; baseline 0.006 -19"><span class='ocrx_word' id='word_1_166' title='bbox 145 1421 253 1471; x_wconf 76' lang='lat' dir='ltr'><strong><em>christi?</em></strong></span> <span class='ocrx_word' id='word_1_167' title='bbox 270 1423 479 1484; x_wconf 71' lang='lat' dir='ltr'><strong><em>subterposuit:</em></strong></span> <span class='ocrx_word' id='word_1_168' title='bbox 500 1426 580 1486; x_wconf 78' lang='lat' dir='ltr'><strong><em>licque</em></strong></span> <span class='ocrx_word' id='word_1_169' title='bbox 600 1438 673 1483; x_wconf 83' lang='lat' dir='ltr'><strong><em>mors,</em></strong></span> <span class='ocrx_word' id='word_1_170' title='bbox 698 1425 741 1473; x_wconf 91' lang='lat' dir='ltr'><strong><em>sed</em></strong></span> <span class='ocrx_word' id='word_1_171' title='bbox 757 1425 905 1486; x_wconf 88' lang='lat' dir='ltr'><strong><em>plerumque</em></strong></span> <span class='ocrx_word' id='word_1_172' title='bbox 925 1425 1027 1473; x_wconf 84' lang='lat' dir='ltr'><strong><em>seeretis</em></strong></span> <span class='ocrx_word' id='word_1_173' title='bbox 1043 1424 1227 1484; x_wconf 74' lang='lat' dir='ltr'><strong><em>latentibusque</em></strong></span> 
     </span>
     <span class='ocr_line' id='line_1_17' title="bbox 144 1493 1268 1556; baseline 0.004 -20"><span class='ocrx_word' id='word_1_174' title='bbox 144 1501 217 1552; x_wconf 77' lang='lat' dir='ltr'><strong><em>neque</em></strong></span> <span class='ocrx_word' id='word_1_175' title='bbox 233 1493 297 1549; x_wconf 88' lang='lat' dir='ltr'><strong><em>otto,</em></strong></span> <span class='ocrx_word' id='word_1_176' title='bbox 313 1505 356 1540; x_wconf 84' lang='lat' dir='ltr'><strong><em>uec</em></strong></span> <span class='ocrx_word' id='word_1_177' title='bbox 373 1494 423 1541; x_wconf 87' lang='lat' dir='ltr'><strong><em>otio</em></strong></span> <span class='ocrx_word' id='word_1_178' title='bbox 439 1496 551 1541; x_wconf 81' lang='lat' dir='ltr'><strong><em>creature</em></strong></span> <span class='ocrx_word' id='word_1_179' title='bbox 561 1507 673 1555; x_wconf 86' lang='lat' dir='ltr'><strong><em>separare</em></strong></span> <span class='ocrx_word' id='word_1_180' title='bbox 698 1494 799 1541; x_wconf 89' lang='lat' dir='ltr'><strong><em>decursa</em></strong></span> <span class='ocrx_word' id='word_1_181' title='bbox 808 1493 1060 1556; x_wconf 83' lang='lat' dir='ltr'><strong><em>mysteriis,evenire</em></strong></span> <span class='ocrx_word' id='word_1_182' title='bbox 1072 1504 1210 1541; x_wconf 86' lang='lat' dir='ltr'><strong><em>cernamus.</em></strong></span> <span class='ocrx_word' id='word_1_183' title='bbox 1265 1497 1268 1503; x_wconf 86' lang='lat'>&#39;</span> 
     </span>
     <span class='ocr_line' id='line_1_18' title="bbox 144 1560 1227 1624; baseline 0.004 -20"><span class='ocrx_word' id='word_1_184' title='bbox 144 1569 189 1606; x_wconf 86' lang='lat' dir='ltr'><strong><em>nos</em></strong></span> <span class='ocrx_word' id='word_1_185' title='bbox 204 1560 289 1618; x_wconf 86' lang='lat' dir='ltr'><strong><em>poterit</em></strong></span> <span class='ocrx_word' id='word_1_186' title='bbox 309 1563 439 1609; x_wconf 85' lang='lat' dir='ltr'><strong><em>ocoritotc</em></strong></span> <span class='ocrx_word' id='word_1_187' title='bbox 454 1565 513 1619; x_wconf 86' lang='lat' dir='ltr'><strong><em>Dei,</em></strong></span> <span class='ocrx_word' id='word_1_188' title='bbox 533 1575 584 1624; x_wconf 82' lang='lat' dir='ltr'><strong><em>quoe</em></strong></span> <span class='ocrx_word' id='word_1_189' title='bbox 599 1565 632 1610; x_wconf 88' lang='lat' dir='ltr'><strong><em>est</em></strong></span> <span class='ocrx_word' id='word_1_190' title='bbox 648 1564 673 1609; x_wconf 83' lang='lat' dir='ltr'><strong><em>iu</em></strong></span> <span class='ocrx_word' id='word_1_191' title='bbox 728 1562 783 1610; x_wconf 78' lang='lat' dir='ltr'><strong><em>tei.</em></strong></span> <span class='ocrx_word' id='word_1_192' title='bbox 795 1565 974 1624; x_wconf 80' lang='lat' dir='ltr'><strong><em>copitooeruut,</em></strong></span> <span class='ocrx_word' id='word_1_193' title='bbox 989 1561 1083 1621; x_wconf 86' lang='lat' dir='ltr'><strong><em>inquit,</em></strong></span> <span class='ocrx_word' id='word_1_194' title='bbox 1096 1563 1119 1610; x_wconf 89' lang='lat' dir='ltr'><strong><em>ct</em></strong></span> <span class='ocrx_word' id='word_1_195' title='bbox 1136 1561 1227 1621; x_wconf 71' lang='lat' dir='ltr'><strong><em>loquuti</em></strong></span> 
     </span>
     <span class='ocr_line' id='line_1_19' title="bbox 145 1623 1228 1694; baseline 0.005 -22"><span class='ocrx_word' id='word_1_196' title='bbox 145 1623 237 1673; x_wconf 83' lang='lat' dir='ltr'><strong><em>Gbrlclo</em></strong></span> <span class='ocrx_word' id='word_1_197' title='bbox 247 1627 310 1674; x_wconf 84' lang='lat' dir='ltr'><strong><em>lesu.</em></strong></span> <span class='ocrx_word' id='word_1_198' title='bbox 320 1626 436 1676; x_wconf 87' lang='lat' dir='ltr'><strong><em>Videmus</em></strong></span> <span class='ocrx_word' id='word_1_199' title='bbox 444 1641 501 1689; x_wconf 77' lang='lat' dir='ltr'><strong><em>ergo</em></strong></span> <span class='ocrx_word' id='word_1_200' title='bbox 509 1629 622 1676; x_wconf 88' lang='lat' dir='ltr'><strong><em>eamdem</em></strong></span> <span class='ocrx_word' id='word_1_201' title='bbox 633 1639 674 1675; x_wconf 83' lang='lat' dir='ltr'><strong><em>ea·</em></strong></span> <span class='ocrx_word' id='word_1_202' title='bbox 697 1627 752 1680; x_wconf 84' lang='lat' dir='ltr'><strong><em>suut</em></strong></span> <span class='ocrx_word' id='word_1_203' title='bbox 762 1635 898 1694; x_wconf 82' lang='lat' dir='ltr'><strong><em>nequitiam,</em></strong></span> <span class='ocrx_word' id='word_1_204' title='bbox 909 1633 1055 1693; x_wconf 78' lang='lat' dir='ltr'><strong><em>iniquitatem</em></strong></span> <span class='ocrx_word' id='word_1_205' title='bbox 1065 1633 1091 1678; x_wconf 86' lang='lat' dir='ltr'><strong><em>iu</em></strong></span> <span class='ocrx_word' id='word_1_206' title='bbox 1101 1631 1228 1678; x_wconf 66' lang='lat' dir='ltr'><strong><em>baceloum</em></strong></span> 
     </span>
     <span class='ocr_line' id='line_1_20' title="bbox 144 1690 1227 1761; baseline 0.005 -20"><span class='ocrx_word' id='word_1_207' title='bbox 144 1690 245 1741; x_wconf 83' lang='lat' dir='ltr'><strong><em>ritatem</em></strong></span> <span class='ocrx_word' id='word_1_208' title='bbox 255 1693 303 1740; x_wconf 85' lang='lat' dir='ltr'><strong><em>Dei</em></strong></span> <span class='ocrx_word' id='word_1_209' title='bbox 311 1705 373 1754; x_wconf 86' lang='lat' dir='ltr'><strong><em>esse,</em></strong></span> <span class='ocrx_word' id='word_1_210' title='bbox 380 1707 436 1755; x_wconf 86' lang='lat' dir='ltr'><strong><em>quae</em></strong></span> <span class='ocrx_word' id='word_1_211' title='bbox 442 1695 534 1744; x_wconf 78' lang='lat' dir='ltr'><strong><em>Christi</em></strong></span> <span class='ocrx_word' id='word_1_212' title='bbox 542 1697 588 1744; x_wconf 91' lang='lat' dir='ltr'><strong><em>est.</em></strong></span> <span class='ocrx_word' id='word_1_213' title='bbox 597 1695 674 1743; x_wconf 80' lang='lat' dir='ltr'><strong><em>lieni·</em></strong></span> <span class='ocrx_word' id='word_1_214' title='bbox 697 1700 786 1761; x_wconf 80' lang='lat' dir='ltr'><strong><em>loquuti</em></strong></span> <span class='ocrx_word' id='word_1_215' title='bbox 792 1701 1017 1761; x_wconf 70' lang='lat' dir='ltr'><strong><em>suueposueruuttu</em></strong></span> <span class='ocrx_word' id='word_1_216' title='bbox 1024 1700 1105 1747; x_wconf 84' lang='lat' dir='ltr'><strong><em>coelum</em></strong></span> <span class='ocrx_word' id='word_1_217' title='bbox 1115 1711 1140 1746; x_wconf 90' lang='lat' dir='ltr'><strong><em>os</em></strong></span> <span class='ocrx_word' id='word_1_218' title='bbox 1147 1711 1227 1746; x_wconf 83' lang='lat' dir='ltr'><strong><em>suum.</em></strong></span> 
     </span>
     <span class='ocr_line' id='line_1_21' title="bbox 145 1761 1227 1828; baseline 0.003 -22"><span class='ocrx_word' id='word_1_219' title='bbox 145 1772 195 1819; x_wconf 89' lang='lat' dir='ltr'><strong><em>que</em></strong></span> <span class='ocrx_word' id='word_1_220' title='bbox 211 1773 261 1807; x_wconf 88' lang='lat' dir='ltr'><strong><em>non</em></strong></span> <span class='ocrx_word' id='word_1_221' title='bbox 276 1761 352 1809; x_wconf 91' lang='lat' dir='ltr'><strong><em>otiose</em></strong></span> <span class='ocrx_word' id='word_1_222' title='bbox 372 1765 455 1821; x_wconf 89' lang='lat' dir='ltr'><strong><em>posuit</em></strong></span> <span class='ocrx_word' id='word_1_223' title='bbox 469 1763 600 1810; x_wconf 87' lang='lat' dir='ltr'><strong><em>caritatem</em></strong></span> <span class='ocrx_word' id='word_1_224' title='bbox 611 1763 674 1821; x_wconf 89' lang='lat' dir='ltr'><strong><em>Dei,</em></strong></span> <span class='ocrx_word' id='word_1_225' title='bbox 698 1767 817 1814; x_wconf 64' lang='lat' dir='ltr'><strong><em>videmus</em></strong></span> <span class='ocrx_word' id='word_1_226' title='bbox 836 1767 920 1828; x_wconf 75' lang='lat' dir='ltr'><strong><em>ltaque</em></strong></span> <span class='ocrx_word' id='word_1_227' title='bbox 934 1767 1000 1826; x_wconf 74' lang='lat' dir='ltr'><strong><em>qued</em></strong></span> <span class='ocrx_word' id='word_1_228' title='bbox 1013 1767 1085 1825; x_wconf 84' lang='lat' dir='ltr'><strong><em>impii</em></strong></span> <span class='ocrx_word' id='word_1_229' title='bbox 1103 1765 1227 1824; x_wconf 73' lang='lat' dir='ltr'><strong><em>sacrilegii</em></strong></span> 
     </span>
     <span class='ocr_line' id='line_1_22' title="bbox 146 1828 1227 1894; baseline -0.003 -22"><span class='ocrx_word' id='word_1_230' title='bbox 146 1839 199 1886; x_wconf 79' lang='lat' dir='ltr'><strong><em>quoe</em></strong></span> <span class='ocrx_word' id='word_1_231' title='bbox 212 1830 246 1874; x_wconf 88' lang='lat' dir='ltr'><strong><em>est</em></strong></span> <span class='ocrx_word' id='word_1_232' title='bbox 260 1829 285 1874; x_wconf 86' lang='lat' dir='ltr'><strong><em>iu</em></strong></span> <span class='ocrx_word' id='word_1_233' title='bbox 295 1828 387 1876; x_wconf 78' lang='lat' dir='ltr'><strong><em>Cleristo</em></strong></span> <span class='ocrx_word' id='word_1_234' title='bbox 402 1830 475 1888; x_wconf 82' lang='lat' dir='ltr'><strong><em>lcsu3</em></strong></span> <span class='ocrx_word' id='word_1_235' title='bbox 490 1841 523 1876; x_wconf 93' lang='lat' dir='ltr'><strong><em>ne</em></strong></span> <span class='ocrx_word' id='word_1_236' title='bbox 538 1828 674 1888; x_wconf 85' lang='lat' dir='ltr'><strong><em>separatam</em></strong></span> <span class='ocrx_word' id='word_1_237' title='bbox 699 1845 754 1879; x_wconf 74' lang='lat' dir='ltr'><strong><em>reos</em></strong></span> <span class='ocrx_word' id='word_1_238' title='bbox 764 1834 881 1893; x_wconf 68' lang='lat' dir='ltr'><strong><em>damnet,</em></strong></span> <span class='ocrx_word' id='word_1_239' title='bbox 898 1835 941 1894; x_wconf 78' lang='lat' dir='ltr'><strong><em>qul</em></strong></span> <span class='ocrx_word' id='word_1_240' title='bbox 958 1846 991 1880; x_wconf 65' lang='lat' dir='ltr'><strong><em>ex</em></strong></span> <span class='ocrx_word' id='word_1_241' title='bbox 1007 1833 1170 1879; x_wconf 69' lang='lat' dir='ltr'><strong><em>similitudine</em></strong></span> <span class='ocrx_word' id='word_1_242' title='bbox 1181 1833 1227 1880; x_wconf 73' lang='lat' dir='ltr'><strong><em>hu.</em></strong></span> 
     </span>
     <span class='ocr_line' id='line_1_23' title="bbox 146 1893 1227 1960; baseline 0.008 -21"><span class='ocrx_word' id='word_1_243' title='bbox 146 1893 194 1940; x_wconf 86' lang='lat' dir='ltr'><strong><em>Dei</em></strong></span> <span class='ocrx_word' id='word_1_244' title='bbox 213 1894 241 1942; x_wconf 86' lang='lat' dir='ltr'><strong><em>el</em></strong></span> <span class='ocrx_word' id='word_1_245' title='bbox 255 1894 344 1941; x_wconf 75' lang='lat' dir='ltr'><strong><em>Christi</em></strong></span> <span class='ocrx_word' id='word_1_246' title='bbox 363 1894 517 1955; x_wconf 73' lang='lat' dir='ltr'><strong><em>intelligeres</em></strong></span> <span class='ocrx_word' id='word_1_247' title='bbox 535 1896 674 1943; x_wconf 82' lang='lat' dir='ltr'><strong><em>ceritatem.</em></strong></span> <span class='ocrx_word' id='word_1_248' title='bbox 699 1913 776 1948; x_wconf 82' lang='lat' dir='ltr'><strong><em>manae</em></strong></span> <span class='ocrx_word' id='word_1_249' title='bbox 787 1903 896 1959; x_wconf 77' lang='lat' dir='ltr'><strong><em>nattum,</em></strong></span> <span class='ocrx_word' id='word_1_250' title='bbox 907 1900 1091 1960; x_wconf 84' lang='lat' dir='ltr'><strong><em>dispositionem</em></strong></span> <span class='ocrx_word' id='word_1_251' title='bbox 1101 1899 1150 1946; x_wconf 85' lang='lat' dir='ltr'><strong><em>sibi</em></strong></span> <span class='ocrx_word' id='word_1_252' title='bbox 1159 1895 1227 1948; x_wconf 65' lang='lat' dir='ltr'><strong><em>arross</em></strong></span> 
     </span>
     <span class='ocr_line' id='line_1_24' title="bbox 146 1961 978 2028; baseline 0.013 -21"><span class='ocrx_word' id='word_1_253' title='bbox 146 1961 215 2008; x_wconf 81' lang='lat' dir='ltr'><strong><em>Nihil</em></strong></span> <span class='ocrx_word' id='word_1_254' title='bbox 229 1962 313 2009; x_wconf 88' lang='lat' dir='ltr'><strong><em>autem</em></strong></span> <span class='ocrx_word' id='word_1_255' title='bbox 329 1963 448 2024; x_wconf 84' lang='lat' dir='ltr'><strong><em>estquod</em></strong></span> <span class='ocrx_word' id='word_1_256' title='bbox 463 1965 551 2012; x_wconf 87' lang='lat' dir='ltr'><strong><em>caritas</em></strong></span> <span class='ocrx_word' id='word_1_257' title='bbox 566 1964 674 2025; x_wconf 80' lang='lat' dir='ltr'><strong><em>diridet,</em></strong></span> <span class='ocrx_word' id='word_1_258' title='bbox 699 1970 758 2028; x_wconf 78' lang='lat' dir='ltr'><strong><em>gent</em></strong></span> <span class='ocrx_word' id='word_1_259' title='bbox 768 1970 875 2017; x_wconf 88' lang='lat' dir='ltr'><strong><em>coelestis</em></strong></span> <span class='ocrx_word' id='word_1_260' title='bbox 885 1968 978 2018; x_wconf 85' lang='lat' dir='ltr'><strong><em>areant.</em></strong></span> 
     </span>
     <span class='ocr_line' id='line_1_25' title="bbox 146 2029 1225 2100; baseline 0.009 -24"><span class='ocrx_word' id='word_1_261' title='bbox 146 2029 211 2077; x_wconf 86' lang='lat' dir='ltr'><strong><em>nibil</em></strong></span> <span class='ocrx_word' id='word_1_262' title='bbox 229 2031 295 2091; x_wconf 89' lang='lat' dir='ltr'><strong><em>quod</em></strong></span> <span class='ocrx_word' id='word_1_263' title='bbox 313 2031 431 2080; x_wconf 82' lang='lat' dir='ltr'><strong><em>divinitas</em></strong></span> <span class='ocrx_word' id='word_1_264' title='bbox 455 2033 606 2093; x_wconf 86' lang='lat' dir='ltr'><strong><em>sempiterna</em></strong></span> <span class='ocrx_word' id='word_1_265' title='bbox 626 2045 675 2082; x_wconf 88' lang='lat' dir='ltr'><strong><em>non</em></strong></span> <span class='ocrx_word' id='word_1_266' title='bbox 730 2036 784 2084; x_wconf 78' lang='lat' dir='ltr'><strong><em>see.</em></strong></span> <span class='ocrx_word' id='word_1_267' title='bbox 807 2039 837 2086; x_wconf 83' lang='lat' dir='ltr'><strong><em>st</em></strong></span> <span class='ocrx_word' id='word_1_268' title='bbox 853 2037 973 2086; x_wconf 89' lang='lat' dir='ltr'><strong><em>dixerunt</em></strong></span> <span class='ocrx_word' id='word_1_269' title='bbox 994 2051 1001 2085; x_wconf 74' lang='grc' dir='ltr'><strong>ι</strong></span> <span class='ocrx_word' id='word_1_270' title='bbox 1022 2040 1141 2100; x_wconf 88' lang='lat' dir='ltr'><strong><em>Quomodo</em></strong></span> <span class='ocrx_word' id='word_1_271' title='bbox 1159 2036 1225 2087; x_wconf 83' lang='lat' dir='ltr'><strong><em>scioli</em></strong></span> 
     </span>
     <span class='ocr_line' id='line_1_26' title="bbox 146 2097 1228 2160; baseline 0.008 -15"><span class='ocrx_word' id='word_1_272' title='bbox 146 2097 233 2159; x_wconf 86' lang='lat' dir='ltr'><strong><em>possit,</em></strong></span> <span class='ocrx_word' id='word_1_273' title='bbox 243 2099 307 2148; x_wconf 81' lang='lat' dir='ltr'><strong><em>nitrit</em></strong></span> <span class='ocrx_word' id='word_1_274' title='bbox 317 2101 382 2160; x_wconf 86' lang='lat' dir='ltr'><strong><em>qued</em></strong></span> <span class='ocrx_word' id='word_1_275' title='bbox 393 2101 468 2149; x_wconf 87' lang='lat' dir='ltr'><strong><em>lateat</em></strong></span> <span class='ocrx_word' id='word_1_276' title='bbox 477 2100 619 2160; x_wconf 79' lang='lat' dir='ltr'><strong><em>ueritatem,</em></strong></span> <span class='ocrx_word' id='word_1_277' title='bbox 630 2100 676 2148; x_wconf 82' lang='lat' dir='ltr'><strong><em>tal·</em></strong></span> <span class='ocrx_word' id='word_1_278' title='bbox 699 2105 777 2154; x_wconf 76' lang='lat' dir='ltr'><strong><em>Deus?</em></strong></span> <span class='ocrx_word' id='word_1_279' title='bbox 787 2109 810 2155; x_wconf 87' lang='lat' dir='ltr'><strong><em>et</em></strong></span> <span class='ocrx_word' id='word_1_280' title='bbox 826 2109 848 2155; x_wconf 85' lang='lat' dir='ltr'><strong><em>si</em></strong></span> <span class='ocrx_word' id='word_1_281' title='bbox 857 2109 891 2155; x_wconf 87' lang='lat' dir='ltr'><strong><em>cst</em></strong></span> <span class='ocrx_word' id='word_1_282' title='bbox 901 2107 997 2155; x_wconf 81' lang='lat' dir='ltr'><strong><em>scientio</em></strong></span> <span class='ocrx_word' id='word_1_283' title='bbox 1009 2109 1085 2154; x_wconf 83' lang='lat' dir='ltr'><strong><em>omnis</em></strong></span> <span class='ocrx_word' id='word_1_284' title='bbox 1101 2109 1126 2154; x_wconf 87' lang='lat' dir='ltr'><strong><em>iu</em></strong></span> <span class='ocrx_word' id='word_1_285' title='bbox 1137 2107 1228 2154; x_wconf 81' lang='lat' dir='ltr'><strong><em>Allissi-</em></strong></span> 
     </span>
     <span class='ocr_line' id='line_1_27' title="bbox 146 2164 1228 2236; baseline 0.006 -22"><span class='ocrx_word' id='word_1_286' title='bbox 146 2164 319 2230; x_wconf 73' lang='lat' dir='ltr'><strong><em>letiustttlam,</em></strong></span> <span class='ocrx_word' id='word_1_287' title='bbox 329 2167 628 2231; x_wconf 81' lang='lat' dir='ltr'><strong><em>praetereetsapienliem.</em></strong></span> <span class='ocrx_word' id='word_1_288' title='bbox 698 2174 757 2222; x_wconf 82' lang='lat' dir='ltr'><strong><em>mot</em></strong></span> <span class='ocrx_word' id='word_1_289' title='bbox 770 2175 854 2223; x_wconf 84' lang='lat' dir='ltr'><strong><em>Nonne</em></strong></span> <span class='ocrx_word' id='word_1_290' title='bbox 870 2175 923 2222; x_wconf 82' lang='lat' dir='ltr'><strong><em>haee</em></strong></span> <span class='ocrx_word' id='word_1_291' title='bbox 941 2174 1052 2236; x_wconf 81' lang='lat' dir='ltr'><strong><em>quotidie</em></strong></span> <span class='ocrx_word' id='word_1_292' title='bbox 1069 2173 1228 2235; x_wconf 84' lang='lat' dir='ltr'><strong><em>perstrepunt</em></strong></span> 
     </span>
     <span class='ocr_line' id='line_1_28' title="bbox 383 2241 1228 2304; baseline 0.002 -16"><span class='ocrx_word' id='word_1_293' title='bbox 383 2282 446 2298; x_wconf 77' lang='grc'><strong><em>,-</em></strong></span> <span class='ocrx_word' id='word_1_294' title='bbox 550 2242 554 2254; x_wconf 92' lang='grc'><strong>’</strong></span> <span class='ocrx_word' id='word_1_295' title='bbox 699 2241 950 2304; x_wconf 72' lang='lat' dir='ltr'><strong><em>Arriani,scientiam</em></strong></span> <span class='ocrx_word' id='word_1_296' title='bbox 969 2255 1067 2292; x_wconf 91' lang='lat' dir='ltr'><strong><em>omnem</em></strong></span> <span class='ocrx_word' id='word_1_297' title='bbox 1083 2244 1111 2290; x_wconf 89' lang='lat' dir='ltr'><strong><em>tn</em></strong></span> <span class='ocrx_word' id='word_1_298' title='bbox 1132 2242 1228 2291; x_wconf 80' lang='lat' dir='ltr'><strong><em>christo</em></strong></span> 
     </span>
     <span class='ocr_line' id='line_1_29' title="bbox 699 2301 1227 2372; baseline 0 -15"><span class='ocrx_word' id='word_1_299' title='bbox 699 2321 753 2358; x_wconf 90' lang='lat' dir='ltr'><strong><em>esse</em></strong></span> <span class='ocrx_word' id='word_1_300' title='bbox 767 2322 817 2358; x_wconf 86' lang='lat' dir='ltr'><strong><em>nou</em></strong></span> <span class='ocrx_word' id='word_1_301' title='bbox 831 2310 917 2371; x_wconf 81' lang='lat' dir='ltr'><strong><em>posset</em></strong></span> <span class='ocrx_word' id='word_1_302' title='bbox 926 2311 989 2369; x_wconf 89' lang='lat' dir='ltr'><strong><em>Quia</em></strong></span> <span class='ocrx_word' id='word_1_303' title='bbox 1006 2311 1076 2372; x_wconf 87' lang='lat' dir='ltr'><strong><em>ipse,</em></strong></span> <span class='ocrx_word' id='word_1_304' title='bbox 1094 2301 1227 2371; x_wconf 63' lang='lat' dir='ltr'><strong><em>inuniunt,</em></strong></span> 
     </span>
    </p>
   </div>
   <div class='ocr_carea' id='block_1_4' title="bbox 185 2370 1232 2505">
    <p class='ocr_par' dir='ltr' id='par_1_4' title="bbox 185 2370 1232 2505">
     <span class='ocr_line' id='line_1_30' title="bbox 185 2370 1225 2440; baseline -0.006 -10"><span class='ocrx_word' id='word_1_305' title='bbox 185 2394 187 2398; x_wconf 56' lang='lat'><strong><em>⁴</em></strong></span> <span class='ocrx_word' id='word_1_306' title='bbox 308 2370 437 2429; x_wconf 75' lang='lat' dir='ltr'>GAPUT</span> <span class='ocrx_word' id='word_1_307' title='bbox 460 2372 544 2427; x_wconf 82' lang='lat' dir='ltr'><strong>xvl.</strong></span> <span class='ocrx_word' id='word_1_308' title='bbox 699 2378 751 2427; x_wconf 91' lang='lat' dir='ltr'><strong><em>diei</em></strong></span> <span class='ocrx_word' id='word_1_309' title='bbox 761 2380 787 2427; x_wconf 91' lang='lat' dir='ltr'><strong><em>et</em></strong></span> <span class='ocrx_word' id='word_1_310' title='bbox 797 2381 864 2428; x_wconf 81' lang='lat' dir='ltr'><strong><em>trorae</em></strong></span> <span class='ocrx_word' id='word_1_311' title='bbox 874 2392 900 2427; x_wconf 89' lang='lat' dir='ltr'><strong><em>se</em></strong></span> <span class='ocrx_word' id='word_1_312' title='bbox 912 2380 1035 2440; x_wconf 87' lang='lat' dir='ltr'><strong><em>protessus</em></strong></span> <span class='ocrx_word' id='word_1_313' title='bbox 1047 2380 1083 2427; x_wconf 86' lang='lat' dir='ltr'><strong><em>est</em></strong></span> <span class='ocrx_word' id='word_1_314' title='bbox 1093 2376 1225 2438; x_wconf 67' lang='lat' dir='ltr'><strong><em>esseignac&#39;</em></strong></span> 
     </span>
     <span class='ocr_line' id='line_1_31' title="bbox 699 2445 1232 2505; baseline -0.006 -10"><span class='ocrx_word' id='word_1_315' title='bbox 699 2461 764 2496; x_wconf 88' lang='lat' dir='ltr'><strong><em>rum.</em></strong></span> <span class='ocrx_word' id='word_1_316' title='bbox 775 2449 859 2495; x_wconf 80' lang='lat' dir='ltr'><strong><em>Nonne</em></strong></span> <span class='ocrx_word' id='word_1_317' title='bbox 875 2448 962 2495; x_wconf 86' lang='lat' dir='ltr'><strong><em>dicunt</em></strong></span> <span class='ocrx_word' id='word_1_318' title='bbox 976 2461 983 2493; x_wconf 81' lang='lat' dir='ltr'><strong><em>r</em></strong></span> <span class='ocrx_word' id='word_1_319' title='bbox 998 2446 1125 2505; x_wconf 83' lang='lat' dir='ltr'><strong><em>Quomodo</em></strong></span> <span class='ocrx_word' id='word_1_320' title='bbox 1139 2445 1232 2504; x_wconf 86' lang='lat' dir='ltr'><strong><em>seivit,-</em></strong></span> 
     </span>
    </p>
   </div>
   <div class='ocr_carea' id='block_1_5' title="bbox 122 2515 1228 2646">
    <p class='ocr_par' dir='ltr' id='par_1_5' title="bbox 122 2515 1228 2646">
     <span class='ocr_line' id='line_1_32' title="bbox 147 2515 1228 2592; baseline -0.008 -9"><span class='ocrx_word' id='word_1_321' title='bbox 147 2586 148 2590; x_wconf 52' lang='grc'>,</span> <span class='ocrx_word' id='word_1_322' title='bbox 169 2545 326 2592; x_wconf 79' lang='lat' dir='ltr'><strong><em>nntos,quippe</em></strong></span> <span class='ocrx_word' id='word_1_323' title='bbox 334 2543 373 2592; x_wconf 89' lang='lat' dir='ltr'><strong><em>qui</em></strong></span> <span class='ocrx_word' id='word_1_324' title='bbox 381 2542 475 2581; x_wconf 74' lang='lat' dir='ltr'><strong><em>scientiae</em></strong></span> <span class='ocrx_word' id='word_1_325' title='bbox 482 2541 562 2580; x_wconf 83' lang='lat' dir='ltr'><strong><em>Christi</em></strong></span> <span class='ocrx_word' id='word_1_326' title='bbox 572 2540 676 2588; x_wconf 73' lang='lat' dir='ltr'><strong><em>derepere</em></strong></span> <span class='ocrx_word' id='word_1_327' title='bbox 699 2518 742 2579; x_wconf 65' lang='lat'>‘1¹¹¹</span> <span class='ocrx_word' id='word_1_328' title='bbox 753 2529 810 2564; x_wconf 66' lang='lat' dir='ltr'><strong><em>eum</em></strong></span> <span class='ocrx_word' id='word_1_329' title='bbox 826 2529 874 2564; x_wconf 69' lang='lat'><strong>⁰⁰¹¹</strong></span> <span class='ocrx_word' id='word_1_330' title='bbox 888 2515 1067 2576; x_wconf 62' lang='lat' dir='ltr'><strong>P⁰t¹¹i⁸⁸⁰⁸⁰if⁰</strong></span> <span class='ocrx_word' id='word_1_331' title='bbox 1079 2526 1228 2592; x_wconf 52' lang='grc' dir='ltr'>ΨΠῙΨΘῙῘῙΟ·</span> 
     </span>
     <span class='ocr_line' id='line_1_33' title="bbox 122 2581 1228 2646; baseline -0.005 -11"><span class='ocrx_word' id='word_1_332' title='bbox 122 2601 129 2616; x_wconf 85' lang='grc'><em>·</em></span> <span class='ocrx_word' id='word_1_333' title='bbox 169 2596 267 2635; x_wconf 77' lang='lat' dir='ltr'><strong><em>audeant.</em></strong></span> <span class='ocrx_word' id='word_1_334' title='bbox 284 2595 367 2634; x_wconf 81' lang='lat' dir='ltr'><strong><em>Locum</em></strong></span> <span class='ocrx_word' id='word_1_335' title='bbox 382 2596 409 2633; x_wconf 83' lang='lat' dir='ltr'><strong><em>ab</em></strong></span> <span class='ocrx_word' id='word_1_336' title='bbox 426 2595 467 2633; x_wconf 89' lang='lat' dir='ltr'><strong><em>illis</em></strong></span> <span class='ocrx_word' id='word_1_337' title='bbox 485 2594 511 2632; x_wconf 86' lang='lat' dir='ltr'><strong><em>ad</em></strong></span> <span class='ocrx_word' id='word_1_338' title='bbox 526 2594 568 2632; x_wconf 83' lang='lat' dir='ltr'><strong><em>hoe</em></strong></span> <span class='ocrx_word' id='word_1_339' title='bbox 585 2593 675 2632; x_wconf 80' lang='lat' dir='ltr'><strong><em>citatum</em></strong></span> <span class='ocrx_word' id='word_1_340' title='bbox 699 2581 1228 2646; x_wconf 84' lang='lat' dir='ltr'><strong><em>rant‚nisiquaeaudierit‚etv1derrt:et</em></strong></span> 
     </span>
    </p>
   </div>
   <div class='ocr_carea' id='block_1_6' title="bbox 171 2647 1228 2715">
    <p class='ocr_par' dir='ltr' id='par_1_6' title="bbox 171 2647 1228 2715">
     <span class='ocr_line' id='line_1_34' title="bbox 171 2647 1228 2715; baseline -0.006 -27"><span class='ocrx_word' id='word_1_341' title='bbox 171 2649 438 2698; x_wconf 83' lang='lat' dir='ltr'><strong><em>suspicioneeorruptionis</em></strong></span> <span class='ocrx_word' id='word_1_342' title='bbox 445 2647 676 2694; x_wconf 83' lang='lat' dir='ltr'><strong><em>minimeenrere;sed</em></strong></span> <span class='ocrx_word' id='word_1_343' title='bbox 700 2666 729 2702; x_wconf 68' lang='lat' dir='ltr'><strong><em>ea</em></strong></span> <span class='ocrx_word' id='word_1_344' title='bbox 744 2656 798 2715; x_wconf 49' lang='grc' dir='ltr'><strong><em>φη</em></strong></span> <span class='ocrx_word' id='word_1_345' title='bbox 816 2654 928 2715; x_wconf 64' lang='lat' dir='ltr'><strong><em>spectant</em></strong></span> <span class='ocrx_word' id='word_1_346' title='bbox 946 2653 978 2700; x_wconf 64' lang='lat' dir='ltr'><strong><em>ad</em></strong></span> <span class='ocrx_word' id='word_1_347' title='bbox 996 2651 1086 2698; x_wconf 65' lang='lat' dir='ltr'><strong><em>divinae</em></strong></span> <span class='ocrx_word' id='word_1_348' title='bbox 1107 2651 1228 2698; x_wconf 65' lang='lat' dir='ltr'><strong><em>unitatem</em></strong></span> 
     </span>
    </p>
   </div>
   <div class='ocr_carea' id='block_1_7' title="bbox 148 2486 675 2539">
    <p class='ocr_par' dir='ltr' id='par_1_7' title="bbox 148 2486 675 2539">
     <span class='ocr_line' id='line_1_35' title="bbox 148 2486 675 2539; baseline -0.011 -9"><span class='ocrx_word' id='word_1_349' title='bbox 148 2489 251 2530; x_wconf 77' lang='lat' dir='ltr'><strong><em>Axrlenos</em></strong></span> <span class='ocrx_word' id='word_1_350' title='bbox 257 2499 270 2526; x_wconf 80' lang='lat' dir='ltr'><strong><em>e</em></strong></span> <span class='ocrx_word' id='word_1_351' title='bbox 276 2489 359 2539; x_wconf 83' lang='lat' dir='ltr'><strong><em>spiritu</em></strong></span> <span class='ocrx_word' id='word_1_352' title='bbox 367 2491 437 2526; x_wconf 86' lang='lat' dir='ltr'><strong><em>sancto</em></strong></span> <span class='ocrx_word' id='word_1_353' title='bbox 445 2497 484 2536; x_wconf 88' lang='lat' dir='ltr'><strong><em>per</em></strong></span> <span class='ocrx_word' id='word_1_354' title='bbox 492 2486 561 2526; x_wconf 83' lang='lat' dir='ltr'><strong><em>David</em></strong></span> <span class='ocrx_word' id='word_1_355' title='bbox 570 2487 675 2526; x_wconf 83' lang='lat' dir='ltr'><strong><em>condem-</em></strong></span> 
     </span>
    </p>
   </div>
   <div class='ocr_carea' id='block_1_8' title="bbox 169 2701 1228 2798">
    <p class='ocr_par' dir='ltr' id='par_1_8' title="bbox 169 2701 1228 2798">
     <span class='ocr_line' id='line_1_36' title="bbox 169 2701 1228 2798; baseline -0.008 -21"><span class='ocrx_word' id='word_1_356' title='bbox 169 2701 676 2798; x_wconf 43' lang='lat' dir='ltr'><strong><em>{fiumffljfflofflfffflffi‘ffss</em></strong></span> <span class='ocrx_word' id='word_1_357' title='bbox 699 2723 793 2770; x_wconf 90' lang='lat' dir='ltr'><strong><em>naturae</em></strong></span> <span class='ocrx_word' id='word_1_358' title='bbox 803 2722 835 2770; x_wconf 91' lang='lat' dir='ltr'><strong><em>ad</em></strong></span> <span class='ocrx_word' id='word_1_359' title='bbox 845 2719 1012 2768; x_wconf 85' lang='lat' dir='ltr'><strong><em>infirmitatem</em></strong></span> <span class='ocrx_word' id='word_1_360' title='bbox 1023 2718 1143 2780; x_wconf 74' lang='lat' dir='ltr'><strong><em>sacrilega</em></strong></span> <span class='ocrx_word' id='word_1_361' title='bbox 1150 2718 1228 2768; x_wconf 85' lang='lat' dir='ltr'><strong><em>inter·</em></strong></span> 
     </span>
    </p>
   </div>
   <div class='ocr_carea' id='block_1_9' title="bbox 144 2785 1251 4011">
    <p class='ocr_par' dir='ltr' id='par_1_9' title="bbox 170 2785 977 2857">
     <span class='ocr_line' id='line_1_37' title="bbox 170 2785 977 2857; baseline -0.009 -11"><span class='ocrx_word' id='word_1_362' title='bbox 170 2809 222 2846; x_wconf 86' lang='lat' dir='ltr'><strong><em>tiam</em></strong></span> <span class='ocrx_word' id='word_1_363' title='bbox 238 2809 304 2847; x_wconf 85' lang='lat' dir='ltr'><strong><em>deesse</em></strong></span> <span class='ocrx_word' id='word_1_364' title='bbox 319 2819 363 2847; x_wconf 89' lang='lat' dir='ltr'><strong><em>non</em></strong></span> <span class='ocrx_word' id='word_1_365' title='bbox 374 2813 443 2857; x_wconf 80' lang='lat' dir='ltr'><strong><em>posse,</em></strong></span> <span class='ocrx_word' id='word_1_366' title='bbox 455 2818 508 2846; x_wconf 84' lang='lat' dir='ltr'><strong><em>cum</em></strong></span> <span class='ocrx_word' id='word_1_367' title='bbox 519 2807 545 2846; x_wconf 86' lang='lat' dir='ltr'><strong><em>sit</em></strong></span> <span class='ocrx_word' id='word_1_368' title='bbox 559 2808 659 2857; x_wconf 82' lang='lat' dir='ltr'><strong><em>sapientia</em></strong></span> <span class='ocrx_word' id='word_1_369' title='bbox 670 2818 674 2844; x_wconf 91' lang='lat'><strong>:</strong></span> <span class='ocrx_word' id='word_1_370' title='bbox 699 2791 837 2850; x_wconf 86' lang='lat' dir='ltr'><strong><em>pretatione</em></strong></span> <span class='ocrx_word' id='word_1_371' title='bbox 848 2785 977 2840; x_wconf 60' lang='lat' dir='ltr'><strong><em>derivant?</em></strong></span> 
     </span>
    </p>

    <p class='ocr_par' dir='ltr' id='par_1_10' title="bbox 170 2857 1230 3191">
     <span class='ocr_line' id='line_1_38' title="bbox 172 2857 1229 2919; baseline -0.004 -8"><span class='ocrx_word' id='word_1_372' title='bbox 172 2871 212 2900; x_wconf 73' lang='lat' dir='ltr'><strong><em>nec</em></strong></span> <span class='ocrx_word' id='word_1_373' title='bbox 222 2863 287 2910; x_wconf 73' lang='lat' dir='ltr'><strong><em>parm</em></strong></span> <span class='ocrx_word' id='word_1_374' title='bbox 300 2863 367 2901; x_wconf 71' lang='lat' dir='ltr'><strong><em>uuum</em></strong></span> <span class='ocrx_word' id='word_1_375' title='bbox 376 2862 533 2910; x_wconf 68' lang='lat' dir='ltr'><strong><em>cognitionem,</em></strong></span> <span class='ocrx_word' id='word_1_376' title='bbox 541 2870 592 2899; x_wconf 79' lang='lat' dir='ltr'><strong><em>cum</em></strong></span> <span class='ocrx_word' id='word_1_377' title='bbox 605 2861 676 2898; x_wconf 72' lang='lat' dir='ltr'><strong><em>omnia</em></strong></span> <span class='ocrx_word' id='word_1_378' title='bbox 730 2858 915 2917; x_wconf 69' lang='lat' dir='ltr'><strong><em>{suscriptum</em></strong></span> <span class='ocrx_word' id='word_1_379' title='bbox 933 2857 985 2918; x_wconf 88' lang='lat' dir='ltr'><strong><em>est,</em></strong></span> <span class='ocrx_word' id='word_1_380' title='bbox 995 2857 1112 2919; x_wconf 81' lang='lat' dir='ltr'><strong><em>inquiunt</em></strong></span> <span class='ocrx_word' id='word_1_381' title='bbox 1122 2871 1129 2906; x_wconf 74' lang='grc' dir='ltr'><strong>ε</strong></span> <span class='ocrx_word' id='word_1_382' title='bbox 1141 2862 1177 2907; x_wconf 84' lang='lat' dir='ltr'><strong><em>Dc</em></strong></span> <span class='ocrx_word' id='word_1_383' title='bbox 1192 2858 1229 2908; x_wconf 86' lang='lat' dir='ltr'><strong><em>dte</em></strong></span> 
     </span>
     <span class='ocr_line' id='line_1_39' title="bbox 170 2914 1229 3009; baseline -0.008 -29"><span class='ocrx_word' id='word_1_384' title='bbox 170 2916 373 3009; x_wconf 50' lang='lat' dir='ltr'><strong><em>fflfflfflffnqcui</em></strong></span> <span class='ocrx_word' id='word_1_385' title='bbox 379 2917 464 3008; x_wconf 46' lang='lat' dir='ltr'><strong><em>332ss</em></strong></span> <span class='ocrx_word' id='word_1_386' title='bbox 473 2914 677 3008; x_wconf 49' lang='grc' dir='ltr'><strong><em>ῑζῗζῃίῑώξζᾞζ</em></strong></span> <span class='ocrx_word' id='word_1_387' title='bbox 700 2931 780 2974; x_wconf 86' lang='lat' dir='ltr'><strong><em>autem</em></strong></span> <span class='ocrx_word' id='word_1_388' title='bbox 793 2928 833 2974; x_wconf 84' lang='lat' dir='ltr'><strong><em>ello</em></strong></span> <span class='ocrx_word' id='word_1_389' title='bbox 843 2929 865 2973; x_wconf 89' lang='lat' dir='ltr'><strong><em>ct</em></strong></span> <span class='ocrx_word' id='word_1_390' title='bbox 876 2926 935 2972; x_wconf 81' lang='lat' dir='ltr'><strong><em>loro</em></strong></span> <span class='ocrx_word' id='word_1_391' title='bbox 942 2938 1010 2972; x_wconf 83' lang='lat' dir='ltr'><strong><em>nomo</em></strong></span> <span class='ocrx_word' id='word_1_392' title='bbox 1025 2928 1080 2984; x_wconf 86' lang='lat' dir='ltr'><strong><em>scit,</em></strong></span> <span class='ocrx_word' id='word_1_393' title='bbox 1093 2939 1165 2987; x_wconf 79' lang='lat' dir='ltr'><strong><em>neque</em></strong></span> <span class='ocrx_word' id='word_1_394' title='bbox 1176 2927 1229 2974; x_wconf 80' lang='lat' dir='ltr'><strong><em>Au·</em></strong></span> 
     </span>
     <span class='ocr_line' id='line_1_40' title="bbox 170 2979 1228 3074; baseline -0.006 -27"><span class='ocrx_word' id='word_1_395' title='bbox 170 2981 317 3074; x_wconf 54' lang='lat' dir='ltr'><strong><em>dtempfudieri.</em></strong></span> <span class='ocrx_word' id='word_1_396' title='bbox 326 2979 434 3073; x_wconf 46' lang='lat' dir='ltr'><strong><em>siggqum</em></strong></span> <span class='ocrx_word' id='word_1_397' title='bbox 443 2995 547 3071; x_wconf 49' lang='lat' dir='ltr'><strong><em>inignem</em></strong></span> <span class='ocrx_word' id='word_1_398' title='bbox 556 3023 581 3062; x_wconf 82' lang='lat' dir='ltr'><strong><em>sir</em></strong></span> <span class='ocrx_word' id='word_1_399' title='bbox 592 3033 615 3060; x_wconf 79' lang='lat' dir='ltr'><strong><em>ea</em></strong></span> <span class='ocrx_word' id='word_1_400' title='bbox 624 3033 676 3070; x_wconf 73' lang='lat' dir='ltr'><strong><em>cog·</em></strong></span> <span class='ocrx_word' id='word_1_401' title='bbox 701 2996 745 3055; x_wconf 82' lang='lat' dir='ltr'><strong><em>poli</em></strong></span> <span class='ocrx_word' id='word_1_402' title='bbox 754 2995 872 3049; x_wconf 82' lang='lat' dir='ltr'><strong><em>coelorum,</em></strong></span> <span class='ocrx_word' id='word_1_403' title='bbox 880 3004 920 3039; x_wconf 84' lang='lat' dir='ltr'><strong><em>nec</em></strong></span> <span class='ocrx_word' id='word_1_404' title='bbox 929 2994 1012 3051; x_wconf 67' lang='lat' dir='ltr'><strong><em>illius,</em></strong></span> <span class='ocrx_word' id='word_1_405' title='bbox 1022 2995 1137 3041; x_wconf 70' lang='lat' dir='ltr'><strong><em>sisisclus</em></strong></span> <span class='ocrx_word' id='word_1_406' title='bbox 1145 2996 1228 3042; x_wconf 70' lang='lat' dir='ltr'><strong><em>Peter·</em></strong></span> 
     </span>
     <span class='ocr_line' id='line_1_41' title="bbox 171 3059 1230 3127; baseline -0.01 -8"><span class='ocrx_word' id='word_1_407' title='bbox 171 3079 238 3126; x_wconf 79' lang='lat' dir='ltr'><strong><em>nisio,</em></strong></span> <span class='ocrx_word' id='word_1_408' title='bbox 252 3079 296 3117; x_wconf 80' lang='lat' dir='ltr'><strong><em>sive</em></strong></span> <span class='ocrx_word' id='word_1_409' title='bbox 310 3077 365 3127; x_wconf 79' lang='lat' dir='ltr'><strong><em>quie</em></strong></span> <span class='ocrx_word' id='word_1_410' title='bbox 378 3082 482 3126; x_wconf 75' lang='lat' dir='ltr'><strong><em>parsum,</em></strong></span> <span class='ocrx_word' id='word_1_411' title='bbox 497 3086 545 3113; x_wconf 75' lang='lat' dir='ltr'><strong><em>eam</em></strong></span> <span class='ocrx_word' id='word_1_412' title='bbox 560 3076 616 3114; x_wconf 75' lang='lat' dir='ltr'><strong><em>uiuo</em></strong></span> <span class='ocrx_word' id='word_1_413' title='bbox 634 3086 676 3114; x_wconf 83' lang='lat' dir='ltr'><strong><em>non</em></strong></span> <span class='ocrx_word' id='word_1_414' title='bbox 700 3061 808 3108; x_wconf 83' lang='lat' dir='ltr'><strong><em>Primum</em></strong></span> <span class='ocrx_word' id='word_1_415' title='bbox 827 3062 923 3108; x_wconf 86' lang='lat' dir='ltr'><strong><em>veteres</em></strong></span> <span class='ocrx_word' id='word_1_416' title='bbox 946 3071 995 3106; x_wconf 87' lang='lat' dir='ltr'><strong><em>nou</em></strong></span> <span class='ocrx_word' id='word_1_417' title='bbox 1013 3059 1106 3108; x_wconf 89' lang='lat' dir='ltr'><strong><em>babent</em></strong></span> <span class='ocrx_word' id='word_1_418' title='bbox 1130 3061 1230 3108; x_wconf 85' lang='lat' dir='ltr'><strong><em>codices</em></strong></span> 
     </span>
     <span class='ocr_line' id='line_1_42' title="bbox 172 3127 1229 3191; baseline -0.005 -12"><span class='ocrx_word' id='word_1_419' title='bbox 172 3132 301 3179; x_wconf 61' lang='lat' dir='ltr'><strong><em>escendenti</em></strong></span> <span class='ocrx_word' id='word_1_420' title='bbox 321 3132 390 3168; x_wconf 79' lang='lat' dir='ltr'><strong><em>immo</em></strong></span> <span class='ocrx_word' id='word_1_421' title='bbox 412 3138 482 3178; x_wconf 75' lang='lat' dir='ltr'><strong><em>neque</em></strong></span> <span class='ocrx_word' id='word_1_422' title='bbox 501 3131 565 3168; x_wconf 76' lang='lat' dir='ltr'><strong><em>stram</em></strong></span> <span class='ocrx_word' id='word_1_423' title='bbox 586 3130 677 3178; x_wconf 83' lang='lat' dir='ltr'><strong><em>spiritui</em></strong></span> <span class='ocrx_word' id='word_1_424' title='bbox 700 3129 772 3188; x_wconf 77' lang='lat' dir='ltr'><strong><em>graeci</em></strong></span> <span class='ocrx_word' id='word_1_425' title='bbox 784 3129 842 3189; x_wconf 89' lang='lat' dir='ltr'><strong><em>qnia</em></strong></span> <span class='ocrx_word' id='word_1_426' title='bbox 852 3139 898 3176; x_wconf 87' lang='lat' dir='ltr'><strong><em>nec</em></strong></span> <span class='ocrx_word' id='word_1_427' title='bbox 910 3128 986 3175; x_wconf 79' lang='lat' dir='ltr'><strong><em>Fssius</em></strong></span> <span class='ocrx_word' id='word_1_428' title='bbox 997 3128 1043 3174; x_wconf 89' lang='lat' dir='ltr'><strong><em>seit</em></strong></span> <span class='ocrx_word' id='word_1_429' title='bbox 1052 3140 1060 3173; x_wconf 81' lang='lat' dir='ltr'><strong><em>c</em></strong></span> <span class='ocrx_word' id='word_1_430' title='bbox 1070 3128 1172 3191; x_wconf 84' lang='lat' dir='ltr'><strong><em>sednon</em></strong></span> <span class='ocrx_word' id='word_1_431' title='bbox 1180 3127 1229 3175; x_wconf 90' lang='lat' dir='ltr'><strong><em>mi·</em></strong></span> 
     </span>
    </p>

    <p class='ocr_par' dir='ltr' id='par_1_11' title="bbox 144 3185 1230 3392">
     <span class='ocr_line' id='line_1_43' title="bbox 144 3185 1230 3256; baseline -0.006 -6"><span class='ocrx_word' id='word_1_432' title='bbox 144 3206 146 3213; x_wconf 90' lang='grc'><strong>’</strong></span> <span class='ocrx_word' id='word_1_433' title='bbox 170 3185 677 3250; x_wconf 56' lang='lat' dir='ltr'><strong><em>undenariumhuaumsvarraopna.qumus</em></strong></span> <span class='ocrx_word' id='word_1_434' title='bbox 700 3212 756 3246; x_wconf 91' lang='lat' dir='ltr'><strong><em>rum</em></strong></span> <span class='ocrx_word' id='word_1_435' title='bbox 771 3198 792 3245; x_wconf 87' lang='lat' dir='ltr'><strong><em>si</em></strong></span> <span class='ocrx_word' id='word_1_436' title='bbox 806 3197 831 3244; x_wconf 90' lang='lat' dir='ltr'><strong><em>et</em></strong></span> <span class='ocrx_word' id='word_1_437' title='bbox 841 3198 888 3244; x_wconf 89' lang='lat' dir='ltr'><strong><em>hoc</em></strong></span> <span class='ocrx_word' id='word_1_438' title='bbox 903 3196 1033 3254; x_wconf 82' lang='lat' dir='ltr'><strong><em>falsarunt,</em></strong></span> <span class='ocrx_word' id='word_1_439' title='bbox 1043 3196 1086 3256; x_wconf 89' lang='lat' dir='ltr'><strong><em>qui</em></strong></span> <span class='ocrx_word' id='word_1_440' title='bbox 1095 3197 1230 3256; x_wconf 82' lang='lat' dir='ltr'><strong><em>scripturas</em></strong></span> 
     </span>
     <span class='ocr_line' id='line_1_44' title="bbox 172 3238 1229 3324; baseline -0.007 -5"><span class='ocrx_word' id='word_1_441' title='bbox 172 3240 219 3280; x_wconf 56' lang='lat' dir='ltr'><strong><em>m</em></strong></span> <span class='ocrx_word' id='word_1_442' title='bbox 227 3243 313 3279; x_wconf 58' lang='lat' dir='ltr'><strong><em>mm</em></strong></span> <span class='ocrx_word' id='word_1_443' title='bbox 320 3249 384 3277; x_wconf 55' lang='grc' dir='ltr'><strong><em>Μ’</em></strong></span> <span class='ocrx_word' id='word_1_444' title='bbox 392 3239 478 3278; x_wconf 57' lang='lat' dir='ltr'><strong><em>mmm</em></strong></span> <span class='ocrx_word' id='word_1_445' title='bbox 486 3238 558 3284; x_wconf 50' lang='grc' dir='ltr'><strong><em>ΜΨ</em></strong></span> <span class='ocrx_word' id='word_1_446' title='bbox 566 3240 639 3286; x_wconf 47' lang='grc' dir='ltr'><strong><em>ΡΜ</em></strong></span> <span class='ocrx_word' id='word_1_447' title='bbox 700 3267 880 3324; x_wconf 85' lang='lat' dir='ltr'><strong><em>interpolavere</em></strong></span> <span class='ocrx_word' id='word_1_448' title='bbox 894 3265 998 3312; x_wconf 85' lang='lat' dir='ltr'><strong><em>divinas.</em></strong></span> <span class='ocrx_word' id='word_1_449' title='bbox 1009 3265 1062 3321; x_wconf 89' lang='lat' dir='ltr'><strong><em>Qua</em></strong></span> <span class='ocrx_word' id='word_1_450' title='bbox 1073 3266 1168 3311; x_wconf 89' lang='lat' dir='ltr'><strong><em>ratione</em></strong></span> <span class='ocrx_word' id='word_1_451' title='bbox 1181 3277 1229 3312; x_wconf 83' lang='lat' dir='ltr'><strong><em>an·</em></strong></span> 
     </span>
     <span class='ocr_line' id='line_1_45' title="bbox 179 3331 1229 3392; baseline -0.007 -8"><span class='ocrx_word' id='word_1_452' title='bbox 179 3336 235 3386; x_wconf 72' lang='grc'><strong>489.</strong></span> <span class='ocrx_word' id='word_1_453' title='bbox 246 3337 320 3384; x_wconf 79' lang='lat' dir='ltr'><strong><em>liuor</em></strong></span> <span class='ocrx_word' id='word_1_454' title='bbox 335 3333 501 3383; x_wconf 83' lang='lat' dir='ltr'><strong><em>exsecrabiles</em></strong></span> <span class='ocrx_word' id='word_1_455' title='bbox 515 3344 557 3380; x_wconf 87' lang='lat' dir='ltr'><strong><em>ees</em></strong></span> <span class='ocrx_word' id='word_1_456' title='bbox 568 3331 611 3392; x_wconf 90' lang='lat' dir='ltr'><strong><em>qui</em></strong></span> <span class='ocrx_word' id='word_1_457' title='bbox 630 3332 678 3379; x_wconf 85' lang='lat' dir='ltr'><strong><em>ista</em></strong></span> <span class='ocrx_word' id='word_1_458' title='bbox 701 3336 751 3382; x_wconf 90' lang='lat' dir='ltr'><strong><em>tem</em></strong></span> <span class='ocrx_word' id='word_1_459' title='bbox 762 3335 876 3381; x_wconf 83' lang='lat' dir='ltr'><strong><em>videatur</em></strong></span> <span class='ocrx_word' id='word_1_460' title='bbox 886 3331 1018 3390; x_wconf 82' lang='lat' dir='ltr'><strong><em>adjectum,</em></strong></span> <span class='ocrx_word' id='word_1_461' title='bbox 1028 3331 1156 3390; x_wconf 86' lang='lat' dir='ltr'><strong><em>proditur,</em></strong></span> <span class='ocrx_word' id='word_1_462' title='bbox 1167 3331 1229 3378; x_wconf 90' lang='lat' dir='ltr'><strong><em>dum</em></strong></span> 
     </span>
    </p>

    <p class='ocr_par' dir='ltr' id='par_1_12' title="bbox 150 3398 1226 3462">
     <span class='ocr_line' id='line_1_46' title="bbox 150 3398 1226 3462; baseline -0.006 -9"><span class='ocrx_word' id='word_1_463' title='bbox 150 3406 355 3462; x_wconf 81' lang='lat' dir='ltr'><strong><em>commemorant,</em></strong></span> <span class='ocrx_word' id='word_1_464' title='bbox 365 3403 390 3452; x_wconf 92' lang='lat' dir='ltr'><strong><em>et</em></strong></span> <span class='ocrx_word' id='word_1_465' title='bbox 400 3416 415 3450; x_wconf 86' lang='lat' dir='ltr'><strong><em>a</em></strong></span> <span class='ocrx_word' id='word_1_466' title='bbox 425 3402 518 3462; x_wconf 87' lang='lat' dir='ltr'><strong><em>Spiritu</em></strong></span> <span class='ocrx_word' id='word_1_467' title='bbox 532 3399 616 3448; x_wconf 88' lang='lat' dir='ltr'><strong><em>sancto</em></strong></span> <span class='ocrx_word' id='word_1_468' title='bbox 624 3411 677 3447; x_wconf 89' lang='lat' dir='ltr'><strong><em>esse</em></strong></span> <span class='ocrx_word' id='word_1_469' title='bbox 701 3404 732 3450; x_wconf 93' lang='lat' dir='ltr'><strong><em>ad</em></strong></span> <span class='ocrx_word' id='word_1_470' title='bbox 755 3399 984 3462; x_wconf 85' lang='lat' dir='ltr'><strong><em>interpretationem</em></strong></span> <span class='ocrx_word' id='word_1_471' title='bbox 1012 3399 1078 3448; x_wconf 87' lang='lat' dir='ltr'><strong><em>tanti</em></strong></span> <span class='ocrx_word' id='word_1_472' title='bbox 1100 3398 1226 3460; x_wconf 71' lang='lat' dir='ltr'><strong><em>sacrilegii</em></strong></span> 
     </span>
    </p>

    <p class='ocr_par' dir='ltr' id='par_1_13' title="bbox 150 3470 932 3529">
     <span class='ocr_line' id='line_1_47' title="bbox 150 3470 932 3529; baseline -0.009 -6"><span class='ocrx_word' id='word_1_473' title='bbox 150 3474 277 3523; x_wconf 80' lang='lat' dir='ltr'><strong><em>damnatos</em></strong></span> <span class='ocrx_word' id='word_1_474' title='bbox 294 3474 358 3522; x_wconf 89' lang='lat' dir='ltr'><strong><em>seire</em></strong></span> <span class='ocrx_word' id='word_1_475' title='bbox 378 3472 506 3522; x_wconf 86' lang='lat' dir='ltr'><strong><em>debemus.</em></strong></span> <span class='ocrx_word' id='word_1_476' title='bbox 525 3470 591 3529; x_wconf 89' lang='lat' dir='ltr'><strong><em>Quos</em></strong></span> <span class='ocrx_word' id='word_1_477' title='bbox 610 3470 677 3517; x_wconf 89' lang='lat' dir='ltr'><strong><em>enim</em></strong></span> <span class='ocrx_word' id='word_1_478' title='bbox 702 3470 838 3519; x_wconf 83' lang='lat' dir='ltr'><strong><em>derivatur.</em></strong></span> <span class='ocrx_word' id='word_1_479' title='bbox 930 3490 932 3495; x_wconf 85' lang='lat'><em>.</em></span> 
     </span>
    </p>

    <p class='ocr_par' dir='ltr' id='par_1_14' title="bbox 150 3533 1229 3604">
     <span class='ocr_line' id='line_1_48' title="bbox 150 3533 1229 3604; baseline -0.01 -12"><span class='ocrx_word' id='word_1_480' title='bbox 150 3543 221 3604; x_wconf 86' lang='lat' dir='ltr'><strong><em>alios,</em></strong></span> <span class='ocrx_word' id='word_1_481' title='bbox 231 3543 279 3590; x_wconf 88' lang='lat' dir='ltr'><strong><em>uisi</em></strong></span> <span class='ocrx_word' id='word_1_482' title='bbox 290 3542 430 3604; x_wconf 82' lang='lat' dir='ltr'><strong><em>specialiter</em></strong></span> <span class='ocrx_word' id='word_1_483' title='bbox 437 3539 550 3587; x_wconf 80' lang='lat' dir='ltr'><strong><em>Arrianus</em></strong></span> <span class='ocrx_word' id='word_1_484' title='bbox 557 3538 678 3599; x_wconf 82' lang='lat' dir='ltr'><strong><em>Propheta</em></strong></span> <span class='ocrx_word' id='word_1_485' title='bbox 732 3537 785 3587; x_wconf 79' lang='lat' dir='ltr'><strong><em>sse.</em></strong></span> <span class='ocrx_word' id='word_1_486' title='bbox 792 3538 944 3587; x_wconf 86' lang='lat' dir='ltr'><strong><em>Ponetamen</em></strong></span> <span class='ocrx_word' id='word_1_487' title='bbox 951 3538 981 3586; x_wconf 86' lang='lat' dir='ltr'><strong><em>ab</em></strong></span> <span class='ocrx_word' id='word_1_488' title='bbox 988 3535 1148 3598; x_wconf 73' lang='lat' dir='ltr'><strong><em>evangelistis</em></strong></span> <span class='ocrx_word' id='word_1_489' title='bbox 1153 3533 1229 3595; x_wconf 86' lang='lat' dir='ltr'><strong><em>serip-</em></strong></span> 
     </span>
    </p>

    <p class='ocr_par' dir='ltr' id='par_1_15' title="bbox 151 3602 1228 3671">
     <span class='ocr_line' id='line_1_49' title="bbox 151 3602 1228 3671; baseline -0.011 -11"><span class='ocrx_word' id='word_1_490' title='bbox 151 3610 309 3670; x_wconf 85' lang='lat' dir='ltr'><strong><em>condemnat,</em></strong></span> <span class='ocrx_word' id='word_1_491' title='bbox 319 3611 363 3671; x_wconf 85' lang='lat' dir='ltr'><strong><em>qui</em></strong></span> <span class='ocrx_word' id='word_1_492' title='bbox 374 3608 463 3658; x_wconf 88' lang='lat' dir='ltr'><strong><em>dicunt</em></strong></span> <span class='ocrx_word' id='word_1_493' title='bbox 472 3608 539 3669; x_wconf 87' lang='lat' dir='ltr'><strong><em>quod</em></strong></span> <span class='ocrx_word' id='word_1_494' title='bbox 546 3608 592 3655; x_wconf 86' lang='lat' dir='ltr'><strong><em>Dei</em></strong></span> <span class='ocrx_word' id='word_1_495' title='bbox 600 3608 677 3655; x_wconf 87' lang='lat' dir='ltr'><strong><em>Filius</em></strong></span> <span class='ocrx_word' id='word_1_496' title='bbox 701 3605 764 3653; x_wconf 89' lang='lat' dir='ltr'><strong><em>tum.</em></strong></span> <span class='ocrx_word' id='word_1_497' title='bbox 775 3605 882 3653; x_wconf 82' lang='lat' dir='ltr'><strong><em>Medium</em></strong></span> <span class='ocrx_word' id='word_1_498' title='bbox 896 3605 983 3667; x_wconf 84' lang='lat' dir='ltr'><strong><em>utique</em></strong></span> <span class='ocrx_word' id='word_1_499' title='bbox 998 3617 1088 3652; x_wconf 84' lang='lat' dir='ltr'><strong><em>nomen</em></strong></span> <span class='ocrx_word' id='word_1_500' title='bbox 1099 3605 1136 3650; x_wconf 87' lang='lat' dir='ltr'><strong><em>est</em></strong></span> <span class='ocrx_word' id='word_1_501' title='bbox 1150 3602 1207 3649; x_wconf 81' lang='lat' dir='ltr'><strong><em>Filii</em></strong></span> <span class='ocrx_word' id='word_1_502' title='bbox 1218 3613 1228 3648; x_wconf 79' lang='lat' dir='ltr'><strong><em>a</em></strong></span> 
     </span>
    </p>

    <p class='ocr_par' dir='ltr' id='par_1_16' title="bbox 150 3671 1229 3738">
     <span class='ocr_line' id='line_1_50' title="bbox 150 3671 1229 3738; baseline -0.008 -12"><span class='ocrx_word' id='word_1_503' title='bbox 150 3679 245 3727; x_wconf 90' lang='lat' dir='ltr'><strong><em>nesciat</em></strong></span> <span class='ocrx_word' id='word_1_504' title='bbox 254 3679 364 3738; x_wconf 86' lang='lat' dir='ltr'><strong><em>tempora</em></strong></span> <span class='ocrx_word' id='word_1_505' title='bbox 376 3677 402 3727; x_wconf 91' lang='lat' dir='ltr'><strong><em>et</em></strong></span> <span class='ocrx_word' id='word_1_506' title='bbox 409 3675 558 3725; x_wconf 81' lang='lat' dir='ltr'><strong><em>annositton</em></strong></span> <span class='ocrx_word' id='word_1_507' title='bbox 566 3675 632 3724; x_wconf 87' lang='lat' dir='ltr'><strong><em>enim</em></strong></span> <span class='ocrx_word' id='word_1_508' title='bbox 641 3676 679 3723; x_wconf 90' lang='lat' dir='ltr'><strong><em>est</em></strong></span> <span class='ocrx_word' id='word_1_509' title='bbox 701 3673 789 3723; x_wconf 88' lang='lat' dir='ltr'><strong><em>namet</em></strong></span> <span class='ocrx_word' id='word_1_510' title='bbox 796 3674 873 3722; x_wconf 71' lang='lat' dir='ltr'><strong><em>titius</em></strong></span> <span class='ocrx_word' id='word_1_511' title='bbox 881 3673 986 3721; x_wconf 88' lang='lat' dir='ltr'><strong><em>hominis</em></strong></span> <span class='ocrx_word' id='word_1_512' title='bbox 996 3671 1229 3730; x_wconf 80' lang='lat' dir='ltr'><strong><em>dicitur3utsecun·</em></strong></span> 
     </span>
    </p>

    <p class='ocr_par' dir='ltr' id='par_1_17' title="bbox 144 3736 1230 3874">
     <span class='ocr_line' id='line_1_51' title="bbox 151 3736 1230 3808; baseline -0.013 -12"><span class='ocrx_word' id='word_1_513' title='bbox 151 3747 245 3808; x_wconf 88' lang='lat' dir='ltr'><strong><em>aliquid</em></strong></span> <span class='ocrx_word' id='word_1_514' title='bbox 254 3747 320 3808; x_wconf 90' lang='lat' dir='ltr'><strong><em>quod</em></strong></span> <span class='ocrx_word' id='word_1_515' title='bbox 336 3747 433 3807; x_wconf 69' lang='lat' dir='ltr'><strong><em>ignoret</em></strong></span> <span class='ocrx_word' id='word_1_516' title='bbox 449 3746 516 3791; x_wconf 87' lang='lat' dir='ltr'><strong><em>Deus</em></strong></span> <span class='ocrx_word' id='word_1_517' title='bbox 527 3756 535 3790; x_wconf 80' lang='lat' dir='ltr'><strong><em>s</em></strong></span> <span class='ocrx_word' id='word_1_518' title='bbox 548 3744 586 3791; x_wconf 90' lang='lat' dir='ltr'><strong><em>est</em></strong></span> <span class='ocrx_word' id='word_1_519' title='bbox 595 3742 678 3790; x_wconf 88' lang='lat' dir='ltr'><strong><em>antem</em></strong></span> <span class='ocrx_word' id='word_1_520' title='bbox 701 3742 761 3789; x_wconf 90' lang='lat' dir='ltr'><strong><em>dum</em></strong></span> <span class='ocrx_word' id='word_1_521' title='bbox 780 3741 973 3802; x_wconf 89' lang='lat' dir='ltr'><strong><em>imprudentiam</em></strong></span> <span class='ocrx_word' id='word_1_522' title='bbox 992 3736 1153 3786; x_wconf 88' lang='lat' dir='ltr'><strong><em>adsumtionts</em></strong></span> <span class='ocrx_word' id='word_1_523' title='bbox 1172 3747 1230 3783; x_wconf 62' lang='lat' dir='ltr'><strong><em>noe</em></strong></span> 
     </span>
     <span class='ocr_line' id='line_1_52' title="bbox 144 3801 1229 3874; baseline -0.013 -10"><span class='ocrx_word' id='word_1_524' title='bbox 144 3815 350 3874; x_wconf 72' lang='lat' dir='ltr'><strong><em>ibeusctrristus,</em></strong></span> <span class='ocrx_word' id='word_1_525' title='bbox 360 3816 386 3863; x_wconf 92' lang='lat' dir='ltr'><strong><em>et</em></strong></span> <span class='ocrx_word' id='word_1_526' title='bbox 403 3813 537 3861; x_wconf 86' lang='lat' dir='ltr'><strong><em>altissimus</em></strong></span> <span class='ocrx_word' id='word_1_527' title='bbox 554 3810 677 3872; x_wconf 65' lang='lat' dir='ltr'><strong><em>christum</em></strong></span> <span class='ocrx_word' id='word_1_528' title='bbox 701 3810 746 3858; x_wconf 79' lang='lat' dir='ltr'><strong><em>trae</em></strong></span> <span class='ocrx_word' id='word_1_529' title='bbox 756 3807 823 3856; x_wconf 68' lang='lat' dir='ltr'><strong><em>mem</em></strong></span> <span class='ocrx_word' id='word_1_530' title='bbox 833 3806 910 3856; x_wconf 82' lang='lat' dir='ltr'><strong><em>futuri</em></strong></span> <span class='ocrx_word' id='word_1_531' title='bbox 922 3804 1010 3865; x_wconf 79' lang='lat' dir='ltr'><strong><em>judicii</em></strong></span> <span class='ocrx_word' id='word_1_532' title='bbox 1025 3803 1132 3854; x_wconf 88' lang='lat' dir='ltr'><strong><em>nescisse</em></strong></span> <span class='ocrx_word' id='word_1_533' title='bbox 1142 3801 1229 3851; x_wconf 80' lang='lat' dir='ltr'><strong><em>videa·</em></strong></span> 
     </span>
    </p>

    <p class='ocr_par' dir='ltr' id='par_1_18' title="bbox 146 3870 1251 4011">
     <span class='ocr_line' id='line_1_53' title="bbox 146 3870 1228 3945; baseline -0.01 -12"><span class='ocrx_word' id='word_1_534' title='bbox 146 3886 205 3945; x_wconf 87' lang='lat' dir='ltr'><strong><em>-ipse</em></strong></span> <span class='ocrx_word' id='word_1_535' title='bbox 216 3885 253 3932; x_wconf 89' lang='lat' dir='ltr'><strong><em>est</em></strong></span> <span class='ocrx_word' id='word_1_536' title='bbox 263 3884 331 3932; x_wconf 87' lang='lat' dir='ltr'><strong><em>euim</em></strong></span> <span class='ocrx_word' id='word_1_537' title='bbox 340 3880 503 3943; x_wconf 87' lang='lat' dir='ltr'><strong><em>superomnia</em></strong></span> <span class='ocrx_word' id='word_1_538' title='bbox 510 3879 587 3928; x_wconf 84' lang='lat' dir='ltr'><strong><em>Deus.</em></strong></span> <span class='ocrx_word' id='word_1_539' title='bbox 702 3878 755 3940; x_wconf 50' lang='lat' dir='ltr'><strong><em>turs</em></strong></span> <span class='ocrx_word' id='word_1_540' title='bbox 762 3877 886 3937; x_wconf 88' lang='lat' dir='ltr'><strong><em>Quomodo</em></strong></span> <span class='ocrx_word' id='word_1_541' title='bbox 894 3873 963 3923; x_wconf 90' lang='lat' dir='ltr'><strong><em>enim</em></strong></span> <span class='ocrx_word' id='word_1_542' title='bbox 979 3872 1087 3922; x_wconf 76' lang='lat' dir='ltr'><strong><em>nesciret</em></strong></span> <span class='ocrx_word' id='word_1_543' title='bbox 1097 3872 1164 3920; x_wconf 72' lang='lat' dir='ltr'><strong><em>mem</em></strong></span> <span class='ocrx_word' id='word_1_544' title='bbox 1180 3870 1228 3922; x_wconf 79' lang='lat' dir='ltr'><strong><em>Dei</em></strong></span> 
     </span>
     <span class='ocr_line' id='line_1_54' title="bbox 183 3937 1251 4011; baseline -0.008 -12"><span class='ocrx_word' id='word_1_545' title='bbox 183 3953 237 4002; x_wconf 72' lang='lat' dir='ltr'><strong><em>lib.</em></strong></span> <span class='ocrx_word' id='word_1_546' title='bbox 251 3951 339 4000; x_wconf 80' lang='lat' dir='ltr'><strong><em>Videte</em></strong></span> <span class='ocrx_word' id='word_1_547' title='bbox 356 3947 562 4011; x_wconf 89' lang='lat' dir='ltr'><strong><em>quemadmodum</em></strong></span> <span class='ocrx_word' id='word_1_548' title='bbox 579 3947 679 3995; x_wconf 87' lang='lat' dir='ltr'><strong><em>sanetus</em></strong></span> <span class='ocrx_word' id='word_1_549' title='bbox 702 3943 793 4004; x_wconf 76' lang='lat' dir='ltr'><strong><em>Filius,</em></strong></span> <span class='ocrx_word' id='word_1_550' title='bbox 808 3957 865 3993; x_wconf 88' lang='lat' dir='ltr'><strong><em>eum</em></strong></span> <span class='ocrx_word' id='word_1_551' title='bbox 884 3943 913 3990; x_wconf 91' lang='lat' dir='ltr'><strong><em>in</em></strong></span> <span class='ocrx_word' id='word_1_552' title='bbox 930 3941 984 4001; x_wconf 87' lang='lat' dir='ltr'><strong><em>ipso</em></strong></span> <span class='ocrx_word' id='word_1_553' title='bbox 999 3939 1049 3991; x_wconf 89' lang='lat' dir='ltr'><strong><em>sint</em></strong></span> <span class='ocrx_word' id='word_1_554' title='bbox 1064 3937 1174 3994; x_wconf 74' lang='lat' dir='ltr'><strong><em>menori</em></strong></span> <span class='ocrx_word' id='word_1_555' title='bbox 1189 3951 1230 3991; x_wconf 56' lang='lat' dir='ltr'><strong><em>see</em></strong></span> <span class='ocrx_word' id='word_1_556' title='bbox 1249 3968 1251 3974; x_wconf 95' lang='lat'>·</span> 
     </span>
    </p>
   </div>
   <div class='ocr_carea' id='block_1_10' title="bbox 153 4002 1173 4088">
    <p class='ocr_par' dir='ltr' id='par_1_19' title="bbox 153 4002 1173 4088">
     <span class='ocr_line' id='line_1_55' title="bbox 153 4002 1173 4088; baseline -0.009 -17"><span class='ocrx_word' id='word_1_557' title='bbox 153 4021 234 4085; x_wconf 72' lang='lat' dir='ltr'><strong><em>earm</em></strong></span> <span class='ocrx_word' id='word_1_558' title='bbox 251 4016 420 4082; x_wconf 74' lang='lat' dir='ltr'><strong><em>eujuseemour</em></strong></span> <span class='ocrx_word' id='word_1_559' title='bbox 439 4015 550 4066; x_wconf 79' lang='lat' dir='ltr'><strong><em>nouenos</em></strong></span> <span class='ocrx_word' id='word_1_560' title='bbox 571 4013 614 4078; x_wconf 81' lang='lat' dir='ltr'><strong><em>qu</em></strong></span> <span class='ocrx_word' id='word_1_561' title='bbox 633 4015 679 4064; x_wconf 79' lang='lat' dir='ltr'><strong><em>eu</em></strong></span> <span class='ocrx_word' id='word_1_562' title='bbox 703 4002 1173 4088; x_wconf 77' lang='lat' dir='ltr'><strong><em>pientioetseienieeetaoseondttil</em></strong></span> 
     </span>
    </p>
   </div>
   <div class='ocr_carea' id='block_1_11' title="bbox 0 0 1391 4808">
    <p class='ocr_par' dir='ltr' id='par_1_20' title="bbox 0 0 1391 4808">
     <span class='ocr_line' id='line_1_56' title="bbox 0 0 1391 4808; baseline 0 0"><span class='ocrx_word' id='word_1_563' title='bbox 0 0 1391 4808; x_wconf 95' lang='lat' dir='ltr'><strong><em> </em></strong></span> 
     </span>
    </p>
   </div>
  </div>
 </body>
</html>
