2752 4814
425 409 429 416 ’
481 395 524 440 bs
540 395 638 447 rins,
659 395 760 439 oleru
778 395 795 438 l.
1137 387 1182 438 ddi

99 471 203 537 lolianni
218 473 343 525 inclusisti
353 473 452 536 pectore
465 476 631 538 recumbenti,
654 475 774 536 quomodo
782 472 971 534 reprehendunt
980 471 1037 532 quia
1048 473 1185 522 nosinlleo

99 553 131 587 on
142 543 209 590 Arrio
221 545 286 593 inter
297 545 373 593 eltnae
391 557 417 592 sc
428 557 471 592 suu
482 546 577 593 viscera
587 558 631 592 vo·
654 545 698 591 aut
719 557 790 589 ουσιαι
807 555 899 603 graece,
919 542 961 590 aut
976 541 1053 590 latine
1071 542 1184 590 substan·

100 609 244 671 tutantiqut
254 624 441 672 agnosceremus
451 613 630 661 similemludae
654 612 714 658 tiam
725 612 839 670 dicimus,
848 623 904 659 com
914 623 947 657 ex
957 610 1005 658 alia
1014 610 1118 658 dicendo
1128 609 1185 656 sub-

100 679 631 742 proditorisbrriiquoqueluisseperlidiam,
655 679 744 727 stantia
767 681 814 728 Dei
832 692 885 728 esse
900 679 1016 738 dilium,
1037 678 1112 726 etiem
1135 678 1183 738 ipsi

99 760 173 806 quem
184 749 272 797 similis
283 763 355 810 poena
366 751 499 798 damnavit.
654 749 817 797 substantiam
832 749 879 796 Dei
893 760 946 796 esse
965 745 1125 796 contirruentl

131 812 184 862 lit.
191 816 269 864 Eliusa
277 818 335 864 sunt
345 816 412 863 enim
421 818 446 863 et
452 815 516 863 Arrii
527 815 630 871 uiscera,
686 818 740 865 l29.
748 817 796 865 Sed
807 817 828 865 si
839 818 870 865 de
880 817 981 864 nomine
990 815 1133 864 substantiae
1142 817 1186 864 sut

99 882 178 940 pudet
198 885 281 933 dicere
301 885 357 944 ubi,
380 885 455 944 atque
476 884 511 931 ita
536 883 631 943 crepuit
654 885 748 935 naturae
760 886 988 936 divinarolucrint
1000 885 1098 943 dicere,
1112 885 1185 933 laeile

100 952 205 1012 medius,
216 955 385 1014 prostratuein
397 954 531 1012 faciemm
542 953 631 1013 quibus
654 955 832 1016 revincentur3
846 956 904 1016 quia
920 955 945 1002 et
962 967 1034 998 ουσιαι
1049 965 1144 1013 praece,
1159 953 1185 1000 et

99 1021 222 1069 Christum
233 1025 374 1084 negaverat,
387 1023 452 1070 toeda
462 1035 504 1069 ora
514 1021 629 1081 pollutus.
654 1025 731 1072 latine
739 1026 901 1074 substantiam
909 1023 1051 1083 frequenter
1059 1021 1184 1081 Scriptura

99 1089 432 1151 crepuitenim,sicutetiam
439 1092 470 1138 de
478 1090 540 1137 luda
546 1091 632 1137 Petrus
654 1095 809 1142 memorarit.
819 1095 849 1140 lit
856 1093 943 1140 Petrus
952 1090 1077 1149 sulinos,
1087 1091 1116 1136 ut
1125 1089 1186 1147 leqi·

99 1160 222 1216 apostolus
232 1161 379 1221 dixit‚quia
390 1160 498 1220 possedit
508 1172 592 1218 agrurn
600 1159 631 1206 dc
655 1173 722 1221 mus,
745 1162 836 1209 divinae
857 1160 981 1209 consortes
1006 1159 1060 1205 fieri
1081 1159 1184 1204 uaturae.

99 1230 214 1278 mercede
233 1230 375 1290 injustitie,
388 1231 413 1276 et
429 1229 456 1275 in
475 1228 564 1275 taciem
574 1240 632 1288 pro-
654 1228 724 1284 Quod
732 1229 753 1276 si
762 1225 1085 1277 exaliasubstuntial'ilium
1092 1224 1185 1282 dicent,

99 1295 188 1343 stratus
205 1299 302 1357 crepuit
320 1298 430 1355 medius3
442 1298 468 1344 et
486 1296 561 1343 ellusa
573 1296 632 1342 sunt
656 1296 701 1356 ipsi
713 1310 740 1345 sc
749 1296 890 1356 revincunt,
899 1298 925 1345 et
932 1296 1036 1342 verbum
1045 1287 1186 1341 substantioe

100 1365 181 1411 omnia
199 1367 295 1414 viscera
317 1366 377 1425 ejus.
397 1367 450 1413 Non
473 1367 510 1413 est
531 1365 631 1412 fortuita
654 1365 719 1425 quod
740 1367 854 1414 metuunt
878 1363 1030 1421 confitendo,
1050 1360 1186 1409 etlilium

100 1442 173 1492 mors,
183 1435 226 1481 ubi
237 1435 264 1481 in
275 1436 403 1495 sacrilegio
412 1435 465 1495 pari
477 1447 556 1494 poenae
567 1434 632 1493 pari·
655 1435 774 1482 creaturis
785 1435 875 1496 quibus
885 1432 1002 1494 praeferre
1014 1443 1040 1479 se
1052 1427 1185 1488 simulant,

101 1500 132 1551 lis
142 1504 260 1560 processit
274 1505 429 1564 exemplum3
443 1505 471 1551 ut
486 1503 551 1551 idem
563 1502 631 1550 subi·
655 1502 813 1551 conterendo.

9 1604 15 1617 ,
100 1571 155 1616 rent
166 1572 365 1633 suppliciumqui
376 1571 490 1620 cumdem
498 1571 631 1618 Dominum
685 1573 738 1620 loo.
755 1573 839 1622 nnius
855 1571 917 1620 diclt
931 1570 1068 1621 creaturum
1079 1568 1126 1616 Dei
1143 1566 1186 1614 l'l—

99 1639 264 1699 uegareruut,
274 1640 352 1701 etqui
370 1639 486 1688 eumdem
497 1639 630 1686 Dominum
654 1640 725 1701 lium,
736 1654 786 1689 nou
796 1641 860 1690 sicut
869 1641 970 1690 eceterae
982 1640 1114 1689 creaturas.
1125 1637 1185 1696 Quae

99 1708 268 1766 prodiderunt.
654 1709 721 1757 euim
732 1711 844 1758 ereatura
861 1722 912 1757 non
927 1709 992 1758 sicut
1008 1709 1058 1756 alia
1072 1706 1185 1754 creatura

130 1775 183 1824 lto.
195 1779 329 1826 Veniamus
339 1779 371 1827 ad
381 1778 441 1826 alla.
453 1778 537 1826 Arrius
549 1776 630 1824 dicit:
654 1789 703 1823 non
715 1777 768 1826 esti
777 1779 855 1824 llomo
875 1789 925 1823 non
942 1776 972 1823 ut
988 1775 1108 1835 Angelus,
1120 1773 1186 1819 terro

99 1846 237 1904 Antequam
257 1847 416 1908 nasceretur,
428 1858 478 1892 non
493 1845 547 1893 erat
565 1857 572 1890 t
589 1844 632 1892 sed
654 1855 704 1890 non
715 1845 744 1891 ut
754 1845 859 1903 corium,
869 1845 905 1892 sol
917 1855 966 1890 non
976 1841 1004 1890 ut
1012 1853 1075 1901 aqua
1083 1872 1091 1898 ,
1100 1839 1185 1886 lumen

99 1912 224 1971 Scriptura
234 1913 295 1961 dicit
311 1914 393 1960 omnia
409 1924 462 1960 esse
477 1924 522 1972 per
532 1906 630 1959 Filium.
654 1922 704 1958 non
713 1912 742 1958 nt
759 1911 878 1959 tenebre.
889 1911 956 1957 llibil
967 1920 1024 1969 erqo
1032 1905 1185 1967 praeterendo

99 1981 225 2038 Quomodo
234 1994 292 2041 erqo
305 1981 360 2028 aliis
371 1981 441 2029 dedit
450 1993 517 2039 esse,
528 1980 572 2041 qui
583 1992 632 2026 non
656 1979 769 2041 donavit,
785 1979 829 2026 sed
844 1979 876 2026 ad
885 1978 1011 2037 simplices
1026 1973 1186 2034 decipiendos

100 2048 237 2098 creticum
249 2050 332 2097 autem
341 2049 402 2114 dicit
417 2048 524 2110 impius,
535 2047 632 2108 quando
655 2048 746 2096 misero
756 2049 837 2096 colore
857 2046 969 2096 fraudem
984 2057 1035 2092 aum
1050 2041 1186 2104 impietatis

100 2116 126 2161 et
136 2118 207 2176 ante,
218 2117 271 2164 haec
289 2117 375 2178 utique
387 2117 436 2164 duo
446 2116 523 2164 verba
534 2116 632 2174 tempus
656 2117 769 2165 obduxit.

101 2186 240 2233 ostendunt.
254 2186 379 2242 Quomodo
393 2198 451 2244 ergo
468 2186 558 2243 negant
568 2186 632 2232 tem·
685 2187 739 2233 lot.
751 2186 836 2234 Arrius
850 2184 912 2232 dlclt
926 2183 1072 2232 mutabilem
1087 2181 1112 2228 et
1124 2192 1180 2227 con·

101 2267 147 2313 pus
157 2256 215 2302 onte
226 2255 331 2315 Filium,
340 2256 366 2303 et
377 2255 465 2302 volunt
476 2254 544 2313 prius
555 2254 631 2301 inisse
654 2254 795 2302 vertibilem
810 2255 857 2302 Dei
873 2253 972 2301 Filium.
985 2249 1110 2311 Quomodo
1128 2261 1185 2308 erqo

100 2336 154 2383 quoa
180 2323 297 2383 temporis
323 2323 379 2371 suut
400 2336 408 2369 r
429 2335 486 2371 cum
507 2323 630 2382 idipsum,
654 2326 734 2382 Deus,
745 2324 766 2372 si
782 2322 922 2382 mutabilis3
933 2334 990 2369 curn
1001 2322 1055 2382 ipsc
1069 2319 1184 2367 dixerit:

99 2391 226 2450 quandoet
238 2393 306 2453 ante,
316 2392 480 2453 etaliquando
488 2391 630 2449 nonluissc,
654 2396 779 2455 riporum,
790 2405 830 2454 eqo
840 2405 902 2450 mm,
911 2394 933 2439 et
941 2403 990 2438 ooo
999 2403 1051 2438 roro
1062 2386 1181 2436 motatio?

100 2465 131 2513 sit
142 2466 192 2512 tem
212 2464 274 2513 oris!
901 2493 954 2506 ..-

131 2479 284 2581 fidamus
303 2534 365 2581 dicit
381 2546 414 2581 ΘΧ
434 2532 514 2580 nihilo
531 2530 631 2580 1)θὶἳί-
822 2555 949 2610 CAPUT
971 2555 1028 2605 xx

100 2603 169 2647 lium.
185 2601 310 2658 Quomodo
326 2614 383 2660 ergo
397 2602 443 2647 Dei
462 2599 555 2647 Filius?
569 2612 631 2659 quo-
1029 2589 1036 2605 '
1182 2649 1185 2656 ,

101 2669 172 2715 modo
199 2671 302 2728 paterno
327 2669 460 2728 generatus
486 2680 519 2714 ex
547 2667 632 2715 uterot
654 2670 720 2720 optat
735 2669 954 2711 conmendandum
969 2668 1055 2707 uinum
1069 2666 1185 2706 menum

100 2736 221 2796 quomodo
237 2736 376 2783 eructatum
388 2747 421 2782 ,21
439 2735 512 2783 corde
522 2735 631 2783 verbum
677 2725 788 2773 Seraphim
806 2725 900 2772 aliquem
917 2723 1016 2785 advolare
1032 2733 1037 2760 c
1054 2723 1121 2759 immo
1133 2730 1185 2758 vero

677 2777 703 2814 sd
720 2788 755 2824 re,
773 2777 799 2815 ad
815 2777 972 2826 Imperatorem
989 2776 1081 2823 aliosque
1096 2775 1186 2811 lectores

102 2805 191 2882 1(ἴὲιίῑυῖ
197 2838 205 2864 a
217 2805 265 2852 ³5⁸1
278 2806 306 2852 ut
321 2817 353 2852 ex
366 2804 454 2851 inum
465 2804 491 2851 et
502 2804 631 2850 'mmm'
676 2839 724 2867 suos
738 2830 850 2869 Christum
867 2831 944 2868 invitat
957 2839 996 2867 :ae
1008 2827 1095 2866 tandem
1106 2827 1185 2864 Domi-

101 2875 145 2919 lulr
155 2875 231 2920 Patris
240 2873 402 2932 intelligatur,
412 2873 440 2919 ut
449 2873 567 2931 scriptum
579 2875 630 2932 est,
677 2885 725 2921 nico
736 2885 812 2932 poculo
824 2885 912 2933 mystice
920 2883 1038 2930 designato.
1048 2884 1071 2918 ιιι
1080 2881 1127 2927 ejus
1136 2879 1192 2916 vir-·

100 2943 220 3002 prodiisse
239 2939 348 2990 secreto?
362 2941 440 2988 Filius
455 2940 522 2988 essim
533 2940 576 2986 aut
587 2953 632 2999 per
677 2940 724 2974 iulo
734 2938 851 2976 Gratianus
860 2935 976 2985 taeiel'ique
985 2936 1058 2974 fideles
1074 2933 1186 2971 inebrien-

99 3011 272 3070 adoptionem,
285 3012 327 3058 aut
338 3022 383 3070 per
394 3009 506 3056 naturam
517 3010 554 3057 cst
566 3024 572 3056 ι
586 3023 631 3069 per
677 2993 726 3038 ‘¹¹³¹
737 2993 794 3039 ΡΜ·

93 3079 256 3139 'adoptionem
275 3091 318 3126 nos
334 3079 380 3125 lilii
398 3077 520 3137 dicimur,
531 3079 575 3125 illc
586 3091 631 3138 per
685 3078 739 3125 lit,
750 3079 847 3125 Venere
862 3088 928 3125 nunc
939 3076 1000 3124 mibi
1011 3073 1185 3137 propheticum

99 3149 230 3196 veritatem
240 3151 334 3196 naturae
343 3147 521 3207 esthomodo
533 3159 590 3206 erqo
598 3160 631 3194 ex
655 3147 719 3194 illud
730 3147 767 3193 cst
785 3145 965 3204 confitendum,
977 3144 1042 3205 quod
1053 3143 1187 3203 propheta-

99 3217 177 3264 nihilo
190 3218 234 3265 ille
244 3252 251 3277 ,
262 3218 305 3279 qui
320 3231 353 3264 cx
369 3217 447 3264 nihilo
464 3216 523 3264 lecit
534 3215 631 3263 omnia?
654 3216 723 3263 turus
739 3215 770 3261 de
782 3215 888 3262 Domino
900 3213 1029 3273 praemittit
1046 3212 1128 3258 Esaias
1146 3209 1186 3257 di-

130 3287 184 3334 lai.
204 3289 256 3334 Nou
273 3287 349 3332 habet
364 3286 469 3343 Filium,
487 3284 530 3344 qui
552 3284 631 3330 nescit
655 3297 714 3330 ecus
726 3296 733 3327 r
746 3283 846 3330 Omicer
856 3289 910 3341 eqo,
921 3283 943 3328 et
954 3281 1088 3339 compuncto
1105 3279 1184 3334 corde,

99 3355 166 3402 unde
176 3356 217 3401 sit.
230 3354 342 3413 Denique
354 3365 400 3399 uec
412 3351 490 3398 Judaei
508 3350 632 3396 habebant
655 3347 953 3410 quicumimmendolabio
961 3348 1104 3402 liobeom,io
1112 3346 1187 3390 medio

99 3425 206 3483 Filium,
217 3423 275 3482 quia
286 3423 352 3470 unde
362 3421 426 3469 esset
438 3419 592 3468 nesciebant.
603 3419 632 3465 Et
656 3431 745 3479 quoquc
755 3418 834 3478 populi
844 3416 973 3463 inhabitem
987 3416 1109 3462 immunda
1123 3412 1186 3459 lobio

99 3491 157 3538 ideo
177 3491 242 3538 dixit
253 3491 292 3539 llis
304 3490 424 3538 Dominus
443 3489 560 3539 :Nescitis
570 3489 632 3534 code
655 3486 774 3547 trabeate,-
788 3486 837 3533 vidi
854 3485 983 3533 Dominum
1000 3481 1115 3532 Soboottr.
1126 3481 1186 3537 Ergo

99 3563 166 3620 oeni,·
178 3564 202 3609 et
212 3561 275 3608 iutra
286 3575 293 3607 ε
305 3562 385 3620 Neque
403 3572 440 3606 me
455 3559 543 3614 noodr,
558 3570 632 3616 neque
655 3555 676 3602 si
691 3553 775 3602 Esaias
790 3554 909 3601 miserum
925 3564 952 3600 se
967 3551 1042 3608 dicit,
1061 3549 1105 3610 qui
1121 3547 1185 3595 vidit

99 3633 282 3694 patremmeum
290 3632 361 3678 rettr‘s.
374 3628 422 3685 Qui
434 3627 502 3674 enim
512 3626 586 3685 negat
597 3636 631 3670 ex
655 3625 788 3673 Dominum
797 3623 919 3671 Sabaoth:
931 3622 992 3682 quid
1003 3632 1046 3680 eqo
1056 3620 1087 3666 dc
1097 3630 1137 3664 me
1148 3617 1187 3664 di-

98 3700 171 3745 Patre
189 3699 294 3758 Filium,
312 3709 358 3745 nec
370 3696 469 3742 Patrem
481 3706 513 3741 er
531 3704 581 3752 quo
593 3694 632 3741 est
656 3707 724 3753 cam,
733 3693 775 3755 qui
787 3705 843 3741 cum
853 3692 979 3739 immunda
991 3689 1056 3737 labia
1068 3687 1186 3744 babeam,

99 3764 186 3825 littus,
195 3766 263 3813 novit
274 3777 371 3825 :neque
380 3763 469 3809 Filium
479 3760 549 3808 novit
557 3773 565 3820 3
573 3760 632 3821 qula
656 3773 727 3821 coqor
738 3760 769 3808 de
780 3761 827 3809 Dei
836 3759 994 3820 generatione
1006 3752 1186 3813 tructareiQuo

100 3833 293 3880 l’atremncscit.
655 3830 732 3890 igitur
749 3830 780 3877 de
796 3828 828 3875 iis
845 3840 900 3887 quae
922 3826 1021 3885 metuo,
1040 3823 1185 3883 loquuturus

130 3903 183 3950 128.
192 3903 277 3949 Arrius
287 3900 364 3948 dicit:
377 3902 412 3947 Er
422 3899 470 3948 alia
485 3896 630 3947 substantia.
656 3909 771 3957 erumpo;
785 3907 841 3943 cum
859 3892 937 3940 David
949 3892 980 3939 dc
997 3892 1027 3939 iis
1041 3903 1096 3951 quae
1107 3889 1182 3947 sciat,

99 3977 158 4031 Quae
168 3972 243 4034 igitur
253 3972 302 4020 alia
312 3970 447 4018 substantio
461 3969 573 4029 equatur
583 3967 631 4015 Dei
656 3967 692 4014 ori
704 3978 747 4014 suo
756 3963 890 4013 custodiam
900 3958 984 4022 petati
994 3959 1040 4006 0al
1050 3957 1114 4005 milri
1124 3969 1186 4017 quo·

102 4044 179 4104 lilio,
194 4043 221 4090 ut
243 4053 275 4091 es
291 4041 344 4101 ipsa
361 4039 404 4088 lici
426 4037 504 4085 Filius
521 4036 568 4084 siti
583 4037 631 4084 Aut
655 4046 704 4096 que
712 4045 775 4083 unus
782 4033 812 4081 de
823 4030 951 4093 Seraphim
962 4027 1107 4078 condentem
1116 4026 1185 4073 illurn
