2752 4814
369 406 411 453 bn
429 407 577 453 oratotls
599 405 853 458 MINISTRORUM,
869 405 967 451 tlnsn
982 405 999 448 l.
1177 393 1223 451 187
1297 421 1300 427 ·

142 494 282 553 relinquere
295 503 377 541 causas
384 492 484 555 salutis,
496 502 591 540 errores
601 503 670 549 quae-
694 503 752 536 oum
768 491 898 547 coelorum,
917 491 955 538 aad
973 487 1014 549 qut
1031 485 1110 547 fecerit
1127 499 1155 536 eo
1172 500 1224 548 qum

143 560 217 610 reret
695 560 754 606 dico.
773 558 832 605 ltam
849 557 930 605 studia
948 556 1059 604 scientiae
1078 556 1131 603 sine
1150 554 1223 603 lactis

174 630 229 678 llis.
240 628 270 677 tt
281 641 330 676 non
339 629 383 676 ille
393 628 505 676 emditus
514 627 542 675 ia
552 626 619 675 omni
631 637 670 673 sa-
697 625 761 673 haud
771 626 822 672 scio
832 637 863 671 an
872 626 948 674 etiam
955 624 1081 673 involvant
1088 622 1176 684 maris.

143 699 237 760 pientia
257 699 423 758 AEgyptiorum
443 699 537 758 Moyses
556 695 671 756 probavit
916 734 1008 749 „-

143 769 203 815 istu:
213 768 256 815 sed
263 768 330 814 illam
338 766 483 826 sapientiam
492 765 669 812 detrimentum

144 838 170 886 et
187 836 316 884 stultitiam
329 834 466 894 iudicavit,
483 833 509 880 et
523 845 624 880 aversus
640 832 670 878 ab
825 816 951 870 CAPUT
969 815 1094 867 XXVII·

144 916 187 964 ⁰²2
196 904 367 951 iflfiffifflfflffl
375 901 594 963 quaeSiVitaffectffi
604 901 671 946 idm·
696 922 794 961 Primum
807 922 875 960 oflicii
887 922 970 961 iontem
984 931 1025 962 esse
1038 921 1189 970 prudentiam,
1199 931 1226 960 ex

144 984 192 1031 qtte
200 972 277 1030 vidit,
285 970 458 1030 interrogavit,
467 969 562 1017 audivit
570 969 669 1027 loquell·
718 987 761 1024 qua
771 972 873 1012 derivatae
882 979 925 1014 tres
935 977 983 1014 aliae
991 977 1094 1024 virtuter,
1102 977 1132 1013 tta
1140 985 1191 1013 eum
1201 986 1226 1013 aa

143 1042 203 1088 tem.
212 1040 352 1099 Quismagis
360 1039 537 1100 sapiensquam
546 1037 588 1084 ille
597 1048 671 1096 quem
718 1029 847 1091 atqueltnter
854 1039 874 1066 se
882 1038 984 1091 connexae
991 1032 1054 1076 ⁵¹¹¹¹¹=
1064 1032 1090 1067 ut
1097 1028 1123 1075 ro
1133 1027 1225 1067 inuoem

143 1109 225 1159 docuit
241 1109 326 1167 bens,
344 1109 388 1167 qui
409 1119 508 1155 omnem
525 1105 671 1165 sapientiam
718 1081 1043 1130 ‘¹¹‘'⁰¹¹¹³⁰⁵⁸¹'³¹³¹¹¹¹⁸‘¹¹²⁶²¹¹'‘
1245 1103 1248 1112 ‘

142 1179 321 1238 AEgyptiortrm,
332 1175 576 1234 omnesqueartium
584 1173 672 1232 poten-
726 1171 780 1219 tad.
791 1174 894 1221 Paratus
914 1173 989 1232 igitur
1004 1171 1079 1221 olncn
1096 1172 1149 1220 lons
1165 1185 1225 1233 pru-

142 1248 189 1296 tias
200 1247 282 1306 operis
296 1245 335 1294 sui
354 1244 448 1292 virtuto
465 1238 610 1290 evacuavit?
619 1241 680 1286 Non'
695 1240 836 1286 dentiaest.
850 1241 915 1297 Quid
923 1242 989 1288 enim
1000 1243 1163 1307 templanum
1174 1241 1229 1301 ⁰5¹1?

142 1315 184 1363 laic
195 1313 368 1372 incognitapro
380 1308 612 1369 cognitishabebat,
623 1307 672 1354 his·
698 1306 744 1376 cii,
755 1321 829 1368 quam
845 1307 942 1355 deterre
953 1309 1052 1355 ductori
1063 1309 1175 1369 studium
1187 1310 1228 1357 at·

142 1396 191 1444 que
200 1384 294 1429 temere
302 1378 485 1427 adsentiebatur
497 1391 504 1424 a
515 1389 571 1437 quae
581 1376 630 1423 duo
645 1376 671 1423 iu
697 1389 745 1436 que
756 1376 937 1424 reverentiam?
946 1377 992 1436 Qui
1004 1379 1088 1424 tamen
1096 1377 1188 1438 tappet
1201 1378 1228 1426 in

144 1452 191 1498 hoe
213 1449 321 1496 maxime
345 1448 449 1495 naturali
469 1448 544 1505 atque
565 1445 669 1492 honesto
697 1444 802 1492 virtutes
810 1444 937 1493 derivatur
947 1446 1152 1505 caeteras;neque
1160 1446 1228 1494 oraim

143 1519 197 1568 loco
205 1516 305 1564 vitanda
313 1514 416 1573 discant,
426 1515 468 1573 qui
477 1513 524 1560 sibi
532 1525 578 1559 nec
588 1514 672 1560 contra
697 1515 777 1573 potest
783 1514 879 1572 justitia
887 1514 941 1562 sine
950 1515 1082 1575 prudentia
1091 1528 1144 1563 esse
1157 1529 1227 1575 ,cum

143 1584 256 1632 naturam
269 1595 337 1642 esse,
351 1594 398 1629 nec
409 1585 481 1640 turpe
490 1580 603 1639 iudicant
614 1592 671 1628 saxa
697 1583 839 1631 examinare
854 1583 916 1643 quid
928 1584 1036 1643 iustum,
1048 1584 1139 1644 quidve
1151 1585 1228 1643 injus·

144 1654 258 1711 adorare,
271 1653 321 1698 eta
335 1650 472 1698 simulacris
489 1649 612 1697 auxilium
628 1662 673 1710 pe·
697 1651 750 1697 tum
761 1650 806 1709 sit,
823 1663 873 1698 non
883 1650 1014 1698 mediocris
1023 1651 1160 1710 prudentiae
1175 1652 1207 1699 sit
1219 1665 1228 1700 a

144 1723 211 1780 tere,
223 1732 277 1780 quae
286 1719 350 1766 nihil
361 1716 478 1766 sentiant.
697 1733 806 1767 summus
814 1719 840 1766 in
849 1721 952 1780 utroque
961 1733 1037 1767 error.
1050 1722 1096 1781 Qui
1104 1721 1170 1766 enim
1178 1722 1229 1779 ias·

175 1789 228 1837 lit.
247 1789 343 1847 Quanto
360 1788 437 1847 igitur
454 1785 576 1833 excelsior
593 1785 673 1833 virtus
698 1792 747 1836 tom
756 1791 979 1848 iudicatinjuetom,
991 1791 1104 1848 ivrjastam
1114 1791 1229 1848 acrojm-

145 1861 183 1908 est
198 1859 332 1918 sapientia,
351 1857 418 1903 tanto
434 1855 512 1912 magis
530 1854 673 1901 enitendum
699 1859 763 1914 tom,
782 1858 919 1904 execrabilis
939 1859 1000 1915 epod
1021 1860 1105 1902 Deum.
1127 1859 1156 1904 Ut
1174 1860 1229 1916 qaid

145 1929 264 1985 arbitror,
275 1927 304 1972 ut
314 1925 414 1983 adsequi
422 1936 476 1969 eam
487 1922 616 1981 possimus·
625 1922 674 1967 lta·
699 1925 820 1972 abundont
827 1926 925 1983 justitior
942 1923 1099 1983 imprudenti?
1116 1923 1229 1972 Salomon

145 2009 194 2056 que
212 2008 244 2042 ne
256 1993 317 2053 quid
331 1993 414 2039 contra
431 1991 561 2049 naturam,
572 2002 604 2035 ne
615 1991 675 2050 quid
700 1993 743 2039 ait.
754 1995 839 2051 Neque
851 1993 941 2040 iterum
952 1993 1083 2052 prudentia
1094 1993 1147 2040 sine
1156 1993 1229 2050 justi-

146 2065 219 2122 turpe
227 2063 301 2122 atque
311 2060 454 2107 indecorum
465 2058 616 2116 sentiamus,
628 2059 675 2106 duo
701 2062 735 2108 tia
752 2062 804 2120 est3
815 2062 895 2121 pietas
909 2063 975 2108 euim
992 2062 1018 2108 in
1033 2063 1112 2109 Deum
1130 2063 1229 2110 initium

148 2131 253 2190 haec,id
264 2131 316 2188 est,
328 2130 354 2176 et
369 2128 466 2188 tempus
478 2126 504 2174 et
519 2127 674 2185 diligentiam
702 2131 849 2178 intellectus.
869 2133 922 2190 Quo
942 2131 1092 2179 advertimus
1115 2132 1178 2179 illud
1198 2132 1230 2179 ab

146 2202 178 2248 ad
194 2199 413 2249 considerationem
424 2210 507 2245 rerum
518 2197 674 2244 examinandi
702 2201 773 2260 liuius
797 2201 880 2248 saeculi
899 2200 1042 2247 translatum
1058 2200 1135 2260 magis
1156 2213 1229 2260 quam

146 2269 223 2330 gratia
234 2267 327 2315 reterre
337 2267 466 2322 debemus.
480 2266 546 2312 Nihil
559 2266 597 2312 est
608 2268 674 2312 enim
701 2270 829 2317 inventum
841 2270 1004 2330 sapientibus3
1017 2270 1075 2330 quia
1085 2270 1166 2330 pietas
1174 2269 1229 2318 iun·

146 2350 194 2398 quo
208 2337 285 2396 magis
305 2336 376 2383 bomo
394 2336 491 2384 caeteris
508 2335 674 2382 animantibus
700 2338 841 2386 damentum
853 2341 890 2386 est
900 2340 1010 2386 omnium
1022 2337 1150 2384 virtutum.

146 2407 341 2466 praesentatam
356 2404 422 2464 quod
440 2405 542 2450 rationis
559 2404 597 2450 est
616 2415 673 2461 par·
732 2406 900 2454 tll,lustitiae
917 2408 999 2452 antem
1010 2407 1089 2464 pietas
1098 2406 1135 2452 est
1149 2406 1229 2464 prima

146 2476 238 2533 ticeps,
249 2486 333 2519 causas
349 2484 432 2518 rerum
444 2471 564 2529 requirit,
575 2472 674 2530 generis
701 2474 727 2520 in
737 2475 831 2532 Deum,
840 2475 947 2522 secunda
958 2475 983 2519 in
994 2475 1112 2532 patriam,
1121 2474 1194 2520 tertia
1203 2473 1229 2519 in

146 2543 185 2590 sui
195 2543 319 2589 auctorem
331 2538 531 2598 investigandum
548 2539 635 2597 putat,
647 2539 674 2584 in
702 2543 830 2600 parentes,
842 2543 902 2589 item
921 2541 945 2586 in
960 2553 1043 2587 omnes
1055 2554 1061 2586 r
1075 2554 1130 2599 quae
1141 2542 1166 2587 et
1177 2541 1230 2600 ipsa

147 2611 217 2668 cujus
235 2610 354 2668 potestate
372 2609 429 2654 vitae
450 2607 568 2665 necisque
587 2607 676 2652 nostrae
702 2610 837 2656 secundum
850 2611 943 2655 naturae
956 2608 1179 2666 estmaqisterium.
1194 2607 1231 2652 Si-

147 2680 254 2738 potestas
262 2677 301 2734 sit,
310 2675 479 2735 quimandum
489 2674 555 2736 hunc
563 2687 606 2720 suo
616 2677 677 2721 nutu
702 2677 802 2736 quidem
813 2677 843 2721 ab
859 2675 959 2722 ineunte
971 2675 1042 2722 aetate
1062 2674 1105 2721 ubi
1120 2676 1230 2735 primum

147 2749 229 2807 regat,
248 2745 286 2792 cui
298 2747 403 2792 sciamus
417 2742 538 2790 rationem
554 2755 607 2790 esse
620 2744 677 2790 red·
702 2759 786 2793 scissus
798 2745 894 2792 infundi
903 2744 1022 2803 coeperit,
1033 2743 1110 2791 vitam
1121 2756 1231 2791 amarum

147 2817 251 2864 dendam
268 2814 406 2862 nostrorum
422 2815 530 2860 actuum.
544 2814 619 2859 Naum
631 2823 676 2860 usu
702 2818 825 2874 tamquam
836 2815 883 2861 Dei
899 2827 1000 2872 munus,
1012 2814 1130 2874 patriam,
1141 2826 1230 2874 paren·

147 2887 213 2934 enim
233 2883 299 2943 quod
319 2883 396 2942 magis
417 2881 528 2942 proficiat
548 2882 675 2929 advitam
701 2884 786 2944 tesque
798 2885 936 2943 diligimus,
948 2884 1037 2930 deinde
1055 2885 1161 2942 aequales
1173 2883 1230 2942 qui-

147 2955 287 3011 honestam,
296 2964 370 3012 quam
381 2952 409 2999 ut
420 2951 548 2999 credamus
559 2964 617 2998 eum
633 2952 675 3010 ju·
702 2953 747 3000 bus
756 2953 844 2999 sociari
853 2953 974 3010 cupimus.
983 2952 1047 2998 Hinc
1056 2951 1230 2999 caritasnasci-

148 3024 228 3071 dicem
245 3023 370 3081 futurum,
381 3033 456 3081 quem
472 3020 610 3081 etlocculta
625 3033 674 3068 non
702 3018 1230 3080 tur,quaealiossibipraefertuouquaerens

147 3093 247 3150 fallant,
262 3091 287 3138 et
304 3091 419 3138 indecora
434 3083 570 3149 offendant,
591 3090 617 3138 et
632 3091 675 3138 bo·
700 3102 755 3148 quae
763 3102 807 3136 sua
818 3088 888 3148 sunt,
899 3089 925 3134 in
935 3086 1023 3148 quibus
1031 3087 1069 3134 est
1078 3088 1234 3150 principatus

147 3162 215 3206 uesta
227 3158 356 3206 delectent.
698 3160 810 3217 iustitiae.

179 3226 232 3273 tao.
244 3226 362 3274 Omnibus
374 3225 449 3285 igitur
459 3226 599 3273 bominibus
609 3225 676 3272 inest
732 3227 785 3274 till.
807 3226 925 3275 Omnibus
946 3240 1043 3287 quoque
1064 3226 1230 3275 animantibus

148 3294 283 3342 secundum
302 3295 412 3341 naturam
434 3294 567 3341 humanam
589 3306 675 3341 verum
702 3297 854 3354 innascitur,
866 3296 973 3354 primum
983 3297 1088 3342 salutem
1100 3296 1178 3353 tueri,
1188 3308 1229 3342 ca·

148 3364 309 3422 investigare,
320 3375 375 3421 quae
385 3374 428 3408 nos
436 3362 465 3407 ad
475 3363 584 3409 studium
594 3362 676 3420 cogni·
702 3376 759 3410 vere
773 3378 826 3424 quae
844 3365 965 3422 noceant,
977 3365 1096 3421 expetere
1107 3377 1162 3422 quae
1173 3375 1232 3422 pro·

148 3433 221 3479 tionis
233 3433 258 3479 et
273 3432 381 3479 scientiae
392 3431 483 3489 trahit,
498 3431 523 3477 et
536 3430 676 3490 inquirendi
702 3433 765 3492 sint,
777 3435 805 3480 ut
815 3433 928 3492 pastum,
938 3433 967 3478 ut
981 3432 1083 3478 latibula
1098 3431 1189 3491 quibus
1204 3444 1230 3479 se

148 3494 257 3547 infundit
273 3500 440 3559 cupiditatem.
453 3501 480 3546 ln
492 3512 539 3559 quo
552 3500 676 3547 excellere
697 3515 715 3548 a
731 3502 854 3561 periculo,
871 3500 1005 3561 imbribus,
1020 3501 1071 3547 sole
1082 3499 1230 3556 defendant,

149 3567 270 3614 urriversis
279 3568 392 3626 pulcrum
402 3568 515 3625 videtur,
532 3568 575 3615 sed
587 3580 677 3627 pauco-
702 3572 766 3630 quod
775 3572 811 3617 est
819 3569 964 3628 prudentia.
974 3568 1089 3616 Succedit
1096 3578 1192 3626 quoque
1204 3569 1231 3612 ut

149 3647 205 3681 rum
219 3635 256 3682 est
276 3636 376 3694 adsequi
392 3648 400 3681 a
417 3637 460 3695 qui
478 3637 597 3683 volvendo
613 3637 677 3694 cogi·
703 3639 811 3684 omnium
823 3649 911 3694 genera
927 3637 1088 3683 animantium
1100 3646 1231 3693 congrega·

149 3704 271 3760 tationes,
292 3702 392 3748 consilia
419 3703 601 3760 examinando,
628 3716 677 3749 non
703 3703 1029 3762 bilianaturasiutzprimo
1045 3702 1231 3762 generissuiae

150 3772 300 3818 mediocrem
315 3768 461 3828 impendunt
471 3771 593 3827 laborem3
604 3769 632 3816 ut
648 3770 678 3816 ad
704 3772 786 3819 formae
797 3771 961 3830 consortibus,
973 3771 1025 3817 tum
1037 3771 1111 3817 etiam
1122 3770 1230 3828 ceteris,

151 3841 213 3888 illud
231 3841 303 3887 beate
315 3838 465 3896 honesteque
477 3837 612 3886 vivendum
622 3851 678 3898 per·
704 3840 730 3887 ut
741 3838 854 3886 videmus
864 3839 938 3886 boves
948 3836 1079 3895 armentis,
1091 3849 1166 3895 equos
1176 3850 1230 3896 gre·

151 3911 237 3958 venire
247 3907 354 3969 possint,
372 3908 445 3967 atque
456 3907 571 3967 operibus
589 3920 678 3967 appro-
703 3910 787 3968 gibus,
799 3908 824 3956 et
836 3906 944 3954 maxime
954 3918 1026 3966 pares
1037 3905 1137 3966 paribus
1148 3906 1229 3953 delec-

152 3981 280 4040 piuquare.
291 3981 345 4027 Non
356 3980 417 4026 enim
428 3980 468 4039 qui
479 3979 564 4025 dicerit
570 4011 579 4036 ,
587 3977 677 4038 inquit,
703 3977 749 4024 tavi
762 3990 768 4021 ε
781 3989 866 4025 cervos
875 3987 972 4035 quoque
983 3975 1075 4036 cervia,
1087 3973 1113 4021 et
1121 3975 1230 4034 plorum·

152 4050 210 4096 aiibi
221 4050 338 4115 :nllomine
346 4049 475 4115 ,Dominc,
487 4047 583 4096 introbit
593 4049 678 4109 inrep-
702 4057 750 4106 que
763 4045 910 4118 'hominibus
928 4041 1037 4104 adiungi.
1055 4043 1108 4090 tam
1124 4043 1154 4090 da
1172 4055 1230 4102 pro-
