2752 4814
364 462 548 506 expositio
563 463 596 506 tlt
610 463 740 516 Lucani,
758 465 858 509 tinnit
872 466 1010 510 SEXTUS.
1202 467 1235 512 35

148 541 204 589 tica
216 553 297 589 escam
304 541 427 602 accepisse
435 543 542 602 qnietis3
552 541 603 601 jam
611 543 677 591 enirn
703 542 816 591 rinaceus
824 544 991 604 ministratur,
1002 556 1076 605 quem
1085 557 1133 594 non
1141 551 1235 608 queunt

147 609 279 668 aequantur
294 610 400 669 mundo,
417 622 491 670 supra
505 609 624 658 mundum
639 609 678 658 iu·
703 611 836 670 depascere
846 601 997 674 peccatores.

146 678 206 723 turi.
217 678 278 724 llam
287 677 333 726 etsi
343 677 370 724 in
378 678 424 725 boc
432 678 523 725 mundo
531 680 602 738 sunt,
614 679 677 726 intra
733 681 773 728 82.
785 683 835 728 Nec
847 683 927 729 solnm
940 682 1011 743 panis
1022 682 1048 732 et
1060 684 1173 745 numeri,
1188 687 1235 734 sod

148 746 268 793 mundum
279 745 361 792 tamen
371 756 421 792 non
433 745 678 807 suut,quibus1nys-
703 749 779 796 etiam
790 750 951 798 accubitionis
964 752 1003 799 est
1017 752 1156 800 differentia
1172 767 1179 801 a
1195 754 1234 801 illi

147 813 202 861 ticae
210 815 299 874 quietis
307 815 448 875 impartitur
458 813 620 876 alimentum
632 829 676 863 sex
703 816 770 862 enim
778 829 851 877 supra
861 817 955 865 ioenum
964 818 1134 881 discumbunt,
1145 822 1187 870 isti
1195 836 1235 870 su·

147 882 215 930 enim
228 882 315 930 diebus
332 877 439 930 muudus
453 883 491 930 est
510 882 603 943 iactus,
621 897 677 945 sep·
702 896 746 944 pra
763 885 854 932 terram
869 888 1036 936 recumbunt:
1054 902 1128 950 supra
1140 890 1235 939 foeuum

147 951 208 998 timo
227 952 370 1011 requietum
389 953 427 999 est
441 950 496 1011 die,
515 952 542 997 et
559 952 677 999 Dominus
702 952 920 1014 quinquemillia,
939 958 1114 1013 supraterram
1130 959 1235 1018 quatmr

146 1019 309 1068 sanctificavit
325 1031 391 1066 eum.
406 1019 476 1067 Ultra
489 1019 609 1067 mnndum
619 1032 676 1080 ergo
703 1021 789 1067 miliia.
801 1022 859 1070 Plus
868 1023 905 1069 esi
914 1022 1007 1070 terram
1019 1036 1149 1085 premere,
1159 1038 1235 1086 qnam

145 1089 230 1149 quies,
254 1089 320 1136 ultra
340 1089 460 1136 mundum
483 1090 559 1136 etiam
581 1089 677 1136 fructus
702 1101 776 1148 supra
787 1090 882 1137 ioennm
895 1091 994 1150 iacere3
1010 1091 1048 1138 illi
1064 1091 1131 1140 eninr
1144 1093 1236 1153 quibus

144 1159 246 1217 quietis.
254 1157 369 1217 Denique
377 1160 446 1204 Beati
451 1158 608 1221 pacificiripsi
615 1159 677 1204 caim
703 1157 783 1203 adlrnc
794 1171 879 1206 sensus
888 1159 945 1206 sunt
952 1160 1104 1219 corporales,
1115 1161 1235 1208 molliori·

144 1227 189 1286 litii
199 1229 244 1276 Dei
253 1227 408 1275 vocabantur.
422 1226 484 1272 Nam
496 1238 553 1271 cum
562 1226 628 1273 Dens
638 1239 677 1273 su·
703 1224 749 1272 llus
758 1225 927 1285 delectantur,
943 1228 968 1273 et
979 1226 1036 1274 ideo
1050 1241 1124 1288 snpra
1139 1227 1235 1277 ioenum

144 1308 191 1356 pra
206 1296 325 1343 muudum
340 1295 387 1350 sit,
404 1305 477 1340 nemo
492 1294 579 1354 utique
598 1295 678 1353 potest
703 1293 867 1341 recumbunt:
880 1295 1039 1343 omnisenim
1052 1310 1108 1343 coro
1124 1296 1234 1354 funum.-

144 1365 228 1411 Deum
238 1364 338 1421 videre,
350 1362 399 1410 nisi
413 1363 532 1409 mundum
542 1362 611 1423 prius
625 1363 677 1424 spi·
703 1360 743 1409 isti
758 1375 817 1409 vero
832 1375 906 1424 supra
924 1364 1031 1423 terram,
1049 1377 1104 1425 qnae
1123 1365 1233 1413 triticum

144 1432 372 1481 ritalitranscendat
377 1432 472 1479 obtutu.
479 1431 587 1492 Septima
593 1432 675 1492 itaque
703 1431 728 1479 et
739 1433 825 1479 vinum
838 1433 916 1493 gignit
926 1433 952 1480 et
962 1433 1069 1492 olivam,
1085 1434 1168 1482 cibum
1178 1448 1233 1494 qra-

143 1502 285 1551 benedictio
304 1501 444 1562 pacatorum
463 1513 470 1548 a
490 1502 585 1561 septem
601 1502 675 1558 etiam
702 1501 743 1548 tiae
752 1503 942 1561 consequuntur.
955 1502 995 1549 lili
1006 1502 1180 1562 discumbunt,
1192 1504 1233 1552 isti

143 1571 195 1620 illis
221 1572 326 1633 quatuor
350 1569 461 1618 millibus
486 1569 676 1628 fragmentorum
701 1568 1234 1632 recmnbuut3majorenimestquaedamre·

143 1641 232 1701 sportae
241 1640 379 1700 supersunt.
388 1640 440 1687 Non
448 1638 578 1686 mediocris
586 1640 626 1686 hic
634 1652 676 1698 pa·
701 1639 771 1698 quies
784 1639 959 1687 recumbentis.
973 1640 1010 1686 lbi
1021 1638 1070 1687 dno
1082 1641 1176 1700 pisces,
1191 1641 1233 1690 hic

143 1711 183 1758 nis
194 1711 232 1759 est
242 1711 412 1768 sabbatorum,
424 1708 675 1770 pauissanctiiicatus‚
702 1706 754 1754 sine
763 1719 880 1769 numero;
889 1707 954 1755 unde
962 1708 1075 1769 plerique
1084 1708 1234 1769 septiformis

144 1781 215 1840 panis
234 1777 334 1838 quietis.
357 1778 387 1826 nt
402 1777 503 1824 tortasse
523 1778 544 1824 si
565 1776 676 1836 primum
702 1774 806 1834 Spiritus
817 1776 920 1834 gratiam
931 1776 958 1822 in
973 1776 1079 1836 panibus
1092 1777 1233 1837 definitam,

144 1851 253 1910 quinque
274 1859 350 1907 panes
369 1846 523 1893 sensibiliter
541 1845 676 1892 manduca·
702 1844 730 1912 in
738 1844 847 1902 piscibus
857 1857 955 1905 quoquo
969 1845 1075 1905 duplicis
1082 1847 1235 1895 Testamenti
1296 1882 1299 1895 ‚

93 1908 96 1913 ’
143 1919 226 1976 veris,
242 1917 338 1964 audebo
349 1917 375 1962 et
386 1915 483 1974 dicam,
498 1915 553 1974 post
565 1915 676 1974 quinque
702 1911 803 1970 liguram
812 1912 998 1972 intelligendam
1008 1914 1167 1972 putaverunt.

143 1997 221 2047 panes
229 1985 254 2032 et
262 1985 356 2044 septem
369 1982 442 2030 tertio
455 1983 615 2042 jamiuterra
627 1995 676 2029 non
732 1980 1234 2042 surionpigetergoaestimarequodqua-

144 2053 305 2100 manducabis
315 2063 405 2112 panem
423 2063 430 2096 ε
448 2049 491 2096 sod
502 2061 575 2108 supra
586 2049 676 2096 terram
703 2048 758 2094 tuor
773 2048 849 2095 millia
865 2061 898 2096 ex
908 2048 1014 2110 quatuor
1029 2049 1116 2098 mundi
1130 2052 1234 2100 collecta

144 2121 305 2170 manducabis
315 2120 369 2168 octo
380 2132 472 2180 panes,
489 2117 553 2164 sicut
563 2119 605 2176 qui
616 2118 675 2166 sunt
702 2117 827 2178 partibus,
839 2119 865 2164 in
876 2118 967 2179 quihus
978 2120 1086 2168 Ecclesia
1096 2119 1231 2180 egeratur,

145 2187 674 2247 incoelestibus.sicutenimscptempanos,
701 2186 798 2246 maioris
818 2187 903 2248 gratiae
928 2188 1012 2237 cibum
1030 2192 1142 2249 sumant,
1160 2189 1234 2247 iuxta

143 2257 331 2321 panesquieiis:
340 2259 373 2305 ita
382 2255 675 2316 octopanes,panessunt
701 2256 764 2315 quod
776 2257 896 2317 scriptum
908 2257 954 2306 est.
967 2260 1029 2319 Quia
1040 2260 1132 2306 oeoieot
1143 2258 1173 2306 ab
1186 2261 1234 2307 ori·

142 2328 337 2377 resurrectionis.
359 2327 420 2386 Ergo
442 2326 484 2373 isti
509 2325 554 2384 qni
579 2325 674 2384 septem
700 2327 750 2371 cole
759 2327 780 2371 cl
788 2326 903 2372 occidente
914 2328 935 2372 el
943 2327 1103 2385 septemtrione
1111 2327 1232 2384 elaustro,

143 2400 242 2446 aluntur
259 2397 379 2458 panibus,
398 2396 479 2444 triduo
496 2395 673 2455 perstiterunt,
700 2393 721 2437 ct
734 2393 866 2440 recumbent
883 2405 936 2439 cum
952 2393 1075 2440 Abrabam
1090 2395 1112 2440 et
1127 2395 1194 2440 isaac
1211 2397 1233 2440 et

143 2467 169 2514 et
180 2467 279 2515 tortasse
295 2466 416 2526 integram
431 2463 619 2510 resurrectionis
634 2463 674 2510 iu·
699 2461 771 2507 Jacob
782 2463 806 2507 ia
816 2475 886 2522 reqao
897 2460 1138 2508 coimmundetric
1148 2461 1233 2520 gratim

142 2536 204 2583 turae
222 2535 296 2581 fidem
317 2535 342 2580 et
360 2532 520 2580 constantiam
539 2532 673 2577 consecuti.
700 2529 1233 2586 PatriagunturaClrrist03noncninrtrustra
1264 2526 1267 2531 ’

143 2603 256 2660 Denique
277 2602 417 2647 sanctornm
435 2610 485 2643 vox
503 2599 540 2643 cst
560 2610 567 2641 ε
591 2598 675 2643 Tribus
702 2595 752 2640 illic
766 2595 909 2641 benedictio
921 2594 1026 2655 tantum,
1041 2595 1168 2642 lricetiam
1180 2608 1233 2655 qra-

143 2667 675 2726 diebosombolobimoo,utcpnlrmorDomiuo
701 2663 1234 2725 tiarnmestactio.ProEcclesiaquippesua

144 2739 193 2785 Deo
210 2740 298 2785 oosiro.
308 2735 357 2782 Sed
366 2735 461 2781 illasuo
474 2733 535 2779 loco.
700 2731 818 2779 Dominus
828 2731 893 2778 Patri
904 2733 995 2791 gratias
1006 2746 1078 2792 agore
1090 2735 1232 2793 consucvit3

173 2807 213 2854 sl.
224 2806 261 2852 De
272 2805 383 2867 quinquo
394 2814 452 2863 ergo
460 2801 564 2863 panibus
576 2801 674 2849 sanctus
699 2801 757 2862 quia
766 2816 820 2861 quae
829 2803 957 2850 abscondit
965 2803 1130 2864 sapientibus,
1141 2818 1169 2854 ea
1179 2818 1234 2866 par·

142 2877 266 2924 lohannes
282 2874 366 2921 docuit
380 2884 419 2919 me
436 2871 500 2932 quod
515 2871 673 2928 nesciebam,
700 2871 765 2918 vulis
774 2871 905 2919 revelavit.
918 2872 1062 2921 Benedictio
1074 2873 1233 2936 igitur'snper

143 2944 209 3004 quod
218 2956 268 2990 non
285 2941 402 2990 docuerat
415 2940 514 2988 sanctus
529 2940 673 2997 Matthaeus,
699 2951 759 2998 nos,
772 2940 814 2999 qui
828 2940 959 2989 inferiores
970 2954 1053 2990 sumus
1072 2957 1078 2988 ι
1096 2944 1231 3002 gratiarnm

143 3025 193 3059 non
211 3011 326 3058 docuerat
343 3010 440 3057 sauctus
453 3009 530 3054 Lucus
547 3005 556 3070 (
571 3007 674 3068 singulis
699 3008 764 3055 actio
781 3021 857 3069 super
876 3021 918 3056 eos
935 3010 977 3070 qni
998 3010 1029 3057 dc
1048 3010 1233 3062 infirmitatibus

84 3078 85 3083 ’
144 3081 209 3128 enim
221 3080 320 3128 diversa
331 3078 457 3137 impartita
466 3078 502 3124 cst
514 3075 619 3138 gratia);
632 3076 674 3123 do·
700 3087 829 3136 corporum
846 3090 945 3125 suornm
962 3079 1063 3127 sacratis
1079 3080 1233 3139 passionibus

143 3149 212 3208 cuit,
224 3151 340 3208 inquam,
352 3157 392 3192 me
407 3147 516 3205 quinque
526 3145 583 3193 istos
597 3156 674 3205 panes
699 3144 891 3205 triumpharunt.
900 3146 1022 3193 lamillud
1031 3148 1057 3193 in
1063 3148 1233 3207 superioribus

144 3217 292 3266 hordeaceos
306 3216 395 3274 inisse3
411 3216 436 3263 et
451 3214 507 3261 ideo
523 3226 571 3260 uon
588 3213 672 3272 inepte
699 3211 896 3270 praeiibavimus,
914 3212 973 3272 quin
990 3224 1047 3259 cnm
1063 3214 1232 3274 quinquageni

143 3286 253 3334 diximus
264 3298 344 3333 escam
356 3285 428 3332 istam
440 3295 492 3330 esse
501 3283 610 3329 hahilem
621 3295 674 3328 cor·
699 3279 854 3327 discumbere
874 3280 1036 3339 juberentur,
1054 3281 1115 3328 licet
1136 3282 1232 3330 sacrato

144 3357 277 3416 poraiibns.
288 3355 335 3402 Cur
346 3355 412 3400 enirn
424 3352 503 3412 primo
511 3349 674 3399 hordeaceos?
699 3359 802 3395 numero
810 3348 924 3408 delinito,
934 3349 1122 3397 tamenvidetnr
1131 3350 1234 3400 tricinu-

143 3424 207 3483 Qula
221 3424 300 3483 primo
310 3423 389 3481 lacte,
402 3419 492 3468 deinde
507 3432 562 3466 esca
578 3418 616 3466 est
625 3432 674 3466 nu·
699 3415 799 3463 datioris
809 3416 926 3464 Ecclesiae
936 3418 1042 3477 populus
1051 3451 1058 3477 ‚
1068 3419 1112 3479 qul
1121 3419 1175 3467 sine
1184 3431 1232 3466 nu·

143 3492 305 3552 triendusqni
317 3490 412 3538 accedit
424 3489 454 3536 ad
464 3489 552 3548 iidem3
565 3490 674 3536 nondum
699 3486 761 3532 uteri
773 3486 916 3534 definitione
927 3487 1061 3535 recumbit.

144 3561 213 3606 enim
228 3561 383 3619 poteramus,
400 3557 426 3604 et
444 3556 545 3605 tortasse
560 3557 673 3616 plerique
729 3552 768 3602 st.
791 3557 920 3615 llysticnm
939 3568 1037 3618 quoquo
1061 3554 1182 3613 estquod
1205 3555 1233 3602 ot

144 3640 191 3674 nec
202 3628 281 3675 adhuc
291 3639 428 3686 possumus.
439 3628 500 3672 Nam
512 3637 568 3672 cum
579 3625 675 3671 sintin·
699 3623 848 3670 manducans
859 3624 964 3682 populus
978 3624 1094 3681 satiatur,
1107 3625 1133 3668 et
1146 3621 1232 3670 ruinis·

144 3695 185 3742 ter
196 3706 240 3740 nos
257 3696 440 3752 contentiones,
451 3694 477 3740 et
494 3692 674 3747 dissensiones,
700 3689 766 3734 trant
784 3691 901 3746 apostoli3
923 3701 980 3735 nam
1007 3687 1033 3736 et
1049 3688 1079 3755 ‚ln
1102 3688 1232 3752 satietate,

144 3775 229 3811 nonne
248 3763 358 3809 carnales
376 3773 474 3816 sumus,
494 3761 520 3806 st
541 3757 675 3805 secundnm
700 3757 805 3815 repulsae
820 3757 1004 3818 inperpetuum
1021 3755 1092 3805 lamis
1109 3758 1231 3810 indictum

145 3831 270 3878 bominem
279 3825 447 3877 ambulamus?
458 3827 512 3874 Suis
520 3839 622 3886 quaeque
632 3837 675 3886 ap-
701 3825 855 3886 designatum
869 3825 984 3886 quianon
995 3824 1092 3874 esuriet
1103 3827 1145 3886 qui
1161 3839 1231 3877 ncce-

144 3900 197 3947 tata
211 3902 268 3946 sunt
285 3899 402 3945 alimenta
414 3897 560 3956 virtniilius3
577 3889 608 3942 et'
617 3894 674 3943 inde
700 3894 766 3955 perit
775 3895 857 3943 cibum
870 3893 958 3943 Christi
970 3908 977 3940 ε
990 3896 1015 3942 et
1030 3894 1056 3942 in
1068 3895 1230 3955 apostolorum

145 3969 216 4028 prins
229 3965 362 4024 hordeum,
374 3965 465 4013 deinde
480 3965 592 4015 triticum
605 3965 675 4015 uobis
700 3964 837 4013 ministerio
846 3962 927 4011 lutura
939 3962 1027 4013 divisio
1039 3963 1163 4012 Dominicl
1178 3976 1232 4012 cor-

146 4036 178 4085 ad
187 4034 329 4083 alimoniam
340 4031 530 4082 daturtiortiori
543 4046 600 4081 vero
609 4032 675 4081 sicut
701 4032 767 4091 poris
791 4031 966 4093 surqutnisque
985 4031 1155 4092 premittitur.
1177 4032 1230 4079 lam

145 4103 217 4163 Elim,
230 4103 260 4151 dc
272 4099 675 4161 interioribnsirnmentiparisis·
701 4098 1230 4205 iiluddivinum,quemadrnodumqninqoo
1327 4106 1329 4111 ’
