2752 4814
396 395 438 440 nn
456 376 655 448 unsn'nnns,
676 390 886 442 ninnn‘nuns.
1137 395 1181 445 sot

105 472 633 537 utlegimus:Spirituooutetooiemaostrom
659 489 717 524 nem
727 477 950 538 taeitzgeneratum
958 489 990 525 ox
998 476 1097 538 Virgine
1105 478 1186 526 Chris·

105 543 210 591 ednotus
224 546 347 592 Dominus.
358 543 389 591 Et
404 544 432 591 in
445 545 512 592 Petri
527 545 633 604 Epistola
658 547 712 594 tum
727 547 858 594 Dominum
875 547 1033 605 eonfitemur,
1052 546 1077 593 et
1093 546 1186 593 naturas

105 611 224 660 habemus
241 626 248 658 ε
265 613 370 662 Christos
384 628 427 674 pro
443 615 509 662 uotis
526 618 633 662 mortuos
658 617 770 664 ordinem
795 617 953 677 denegamus.
978 618 1030 664 Non
1058 616 1125 662 enim
1153 625 1186 663 ex

105 681 146 727 est.
158 680 269 740 Denique
280 681 439 728 oornostrum
456 694 511 730 esea
520 682 567 729 ista
577 695 633 729 eon·
658 686 712 733 siro
731 686 806 733 diaria
823 686 962 746 concepit:
980 685 1023 733 sed
1041 685 1072 732 de
1090 684 1185 744 Spiritu

105 746 235 806 firmet,et
245 751 317 808 potus
327 751 373 797 iste
384 750 633 799 laetifieateorhomi·
658 754 741 801 saneto
759 753 785 800 in
803 754 874 800 utero
890 753 1000 812 aooepit,
1011 752 1039 800 ut
1055 751 1185 799 dieitdiet·

106 814 160 873 nis,
173 818 201 862 ut
209 818 330 876 Propheta
340 819 494 867 memoravit.
657 823 735 870 thaeus
747 836 754 868 ι
766 824 827 883 Quia
837 824 971 870 iuoeutoest
987 824 1013 869 iu
1022 824 1087 868 utero
1098 819 1185 867 habeus

135 885 174 932 59.
186 886 256 934 Unde
267 887 349 946 adepti
366 888 461 948 omnia,
472 888 578 936 sciamus
591 901 633 936 re-
656 889 682 934 de
697 889 786 948 spirito
796 890 885 935 saneto.
897 887 922 933 Si
934 899 990 946 orgo
1008 885 1185 944 superveniens

105 955 232 1010 generatos
242 967 287 1002 nos
297 968 351 1003 esse
362 969 369 1001 z
381 969 427 1003 nee
438 957 560 1015 dieamus,
570 969 632 1016 quo-
656 955 760 1015 Spiritus
774 955 872 1002 sanetus
886 955 913 1000 iu
928 954 1069 1013 Virginem,
1081 962 1186 1010 eoneepa

105 1022 176 1068 modo
193 1025 331 1082 regenerati
350 1023 451 1072 sumus?
465 1025 588 1084 Numquid
605 1025 632 1071 in
656 1023 749 1071 tionem
771 1023 885 1082 operatus
906 1021 957 1081 est,
974 1021 1000 1068 et
1018 1017 1185 1078 generationis

105 1094 219 1138 ventrem
242 1093 326 1140 matris
349 1095 438 1142 nostrae
461 1093 631 1153 introivimus,
656 1104 744 1140 munus
755 1091 947 1152 implevitznon
965 1090 1052 1149 ntique
1069 1087 1185 1135 dubitan-

106 1159 131 1206 et
150 1160 229 1208 renati
247 1161 350 1208 sumust
371 1174 420 1209 non
437 1174 541 1221 agnosco
559 1175 631 1209 nsum
656 1163 714 1208 dum
725 1163 762 1209 est
775 1161 841 1222 quod
849 1159 1027 1219 superveniens
1038 1158 1065 1204 in
1081 1157 1184 1218 iontem,

105 1230 206 1276 natmae.
219 1229 267 1276 Sed
283 1231 367 1278 nullus
385 1231 427 1278 iiie
445 1232 539 1278 naturae
557 1232 629 1290 ordo,
655 1231 696 1278 vei
713 1242 786 1289 super
806 1242 847 1277 eos
867 1229 911 1288 qui
932 1228 1081 1286 baptismum
1100 1237 1185 1273 eonse-

105 1297 149 1344 uhi
172 1299 320 1346 excellentia
339 1298 423 1359 gnatiae
451 1301 498 1348 est.
517 1300 629 1359 Denique
654 1293 1184 1358 quuntar,veritatemregenenationisopo·

105 1377 155 1412 non
177 1378 274 1426 semper
291 1379 350 1414 usus
373 1367 467 1415 natura
492 1369 630 1426 generatio-
654 1367 732 1415 retur.
