2752 4814
353 398 397 442 nu
413 365 568 441 euricus
586 381 843 449 'urrmsrnonum
861 396 969 442 uranu
983 399 1015 441 rr.
1186 394 1227 444 let

145 480 232 527 ecoelo
245 492 251 525 :
268 477 348 526 carnis
359 491 455 539 quoque
467 477 609 539 quotidiana
619 477 675 536 piu·
703 475 776 524 cunia
792 477 869 538 regali
885 490 934 524 non
949 476 1111 526 commutaret
1122 477 1230 536 paternae

146 545 187 591 ria
198 545 274 594 totius
284 545 457 607 plebis-epuiis
467 544 630 592 redundabat.
703 544 782 593 vineae
797 545 967 594 haereditatem
980 559 986 591 :
1001 557 1080 605 eoque
1091 545 1230 605 perfectus.

178 612 216 660 li.
227 615 287 661 iliae
298 626 396 674 quoque
406 613 489 662 sancto
499 612 572 672 panis
583 612 615 658 ad
624 610 677 659 vic-
701 613 759 671 quia
777 614 895 673 sanguiue
906 613 1008 674 proprio
1022 612 1167 661 defenderet
1175 612 1228 670 jarz-
1287 643 1290 649 ,

147 680 201 727 tum
219 681 320 741 deerat,
338 681 359 728 si
376 680 549 741 quereretur:
566 679 609 726 sed
628 690 677 726 non
702 680 823 740 majorum
841 694 949 729 suorum.
965 682 1025 729 inde
1041 694 1138 762 quoque
1156 681 1228 727 miser

142 748 380 811 'videbaturdeesse
388 749 503 810 quianon
512 748 675 808 quaerebatur.
700 749 784 797 dehab
801 751 876 799 etiam
886 765 930 799 suo
945 751 1053 810 jndicio,
1063 763 1121 811 quia
1136 761 1227 811 paupe-

140 817 233 876 *ltaque
243 818 330 865 diurno
339 830 468 866 corvorum
477 815 594 876 obsequio
603 828 675 863 mane
701 832 753 866 rem
768 821 853 868 necari
863 821 971 879 fecerat3
985 821 1014 868 ut
1024 820 1077 878 cius
1094 819 1229 882 possideret

148 885 233 945 panis,
244 899 300 934 caro
317 887 348 933 ad
364 898 494 946 vesperam
510 885 675 932 deferebatur.
701 889 801 936 vineam

147 955 270 1015 Numquid
280 955 335 1003 ideo
346 955 428 1002 minus
436 955 536 1015 beatus,
546 953 606 1014 quia
616 966 676 1014 pau·
732 960 771 1006 l8.
780 960 879 1008 derium
888 958 925 1007 est
934 959 1012 1007 solum
1023 960 1049 1007 et
1056 972 1179 1007 summum
1187 961 1233 1007 bo-

146 1034 191 1082 per
202 1025 255 1072 erat
269 1021 333 1072 sinit
344 1022 453 1071 llinime.
465 1024 542 1069 lmmo
558 1034 588 1069 eo
599 1021 676 1083 magis
701 1039 761 1075 num
772 1041 825 1076 esse
836 1029 971 1086 virtutem,
987 1040 1090 1087 eamque
1107 1028 1232 1075 abundare

146 1090 247 1149 beatus,
255 1091 312 1151 quia
324 1091 377 1138 erat
386 1091 437 1137 Deo
448 1089 528 1139 dives·
537 1089 598 1137 Aliis
609 1089 675 1136 enim
700 1097 775 1143 solam
787 1097 818 1144 ad
828 1097 887 1144 vitae
902 1096 1011 1144 fructum
1022 1096 1100 1142 beatae
1112 1110 1118 1142 :
1130 1109 1176 1144 nec
1186 1109 1233 1165 ex·-

146 1159 275 1218 quamsibl
287 1160 392 1207 divitem
403 1171 456 1206 esse
466 1159 579 1218 praestat,
591 1159 618 1205 ut
629 1158 675 1205 isle
701 1165 779 1212 ternis
796 1165 839 1213 aut
855 1166 962 1224 corporis
981 1165 1064 1224 bonis,
1081 1165 1124 1212 sed
1140 1164 1232 1214 virtuto
1256 1171 1262 1177 ‘

146 1228 212 1288 crat,
224 1229 267 1289 qui
277 1229 389 1294 tempore
401 1226 472 1274 famis
483 1227 564 1274 cibum
576 1239 590 1273 a
601 1226 676 1273 Vidua
700 1235 750 1281 sola
760 1235 838 1282 vitam
853 1235 963 1294 praestari
974 1234 1086 1292 beatam,
1097 1247 1142 1294 per
1157 1247 1231 1294 qaam

145 1297 401 1356 petebat‚largiturus
407 1297 436 1344 ut
443 1296 530 1356 hydria
539 1295 623 1343 farinae
631 1308 677 1355 per
700 1302 752 1349 vita
759 1305 851 1350 aeterna
860 1303 1005 1362 adquiritur.
1017 1302 1073 1350 Vita
1082 1302 1149 1350 euim
1159 1302 1232 1348 beata

145 1364 281 1411 triennium
291 1365 318 1412 et
328 1376 373 1410 sex
384 1375 481 1410 menses
491 1375 540 1411 non
550 1363 674 1421 deficeret,
700 1368 795 1418 fructus
802 1371 961 1431 praesentium
970 1383 978 1418 ς
986 1371 1037 1418 vita
1046 1371 1128 1420 autem
1139 1371 1231 1418 aeterna

146 1433 172 1481 et
182 1434 337 1492 quotidianos
345 1445 403 1481 usus
410 1434 459 1481 olei
468 1445 510 1482 vas
518 1433 599 1480 viduae
608 1432 675 1491 inopi
700 1450 755 1497 spos
766 1437 906 1486 futurorum
917 1438 962 1487 cst.

146 1501 270 1550 sufficeret
281 1502 477 1550 aeministraret.
487 1502 572 1550 llerito
585 1501 621 1548 ibi
632 1513 676 1548 vo·
731 1505 768 1553 ie.
780 1505 842 1554 Sunt
857 1507 940 1554 tamen
958 1506 1000 1566 qui
1020 1506 1046 1553 in
1065 1508 1111 1554 hoc
1129 1517 1231 1565 corpore

145 1570 213 1618 lebat
230 1572 317 1619 Petrus
341 1583 408 1631 esse,
425 1571 469 1618 ubi
488 1570 547 1618 istos
566 1570 673 1617 ridebat.
700 1573 749 1620 tam
760 1574 871 1634 infirmo,
882 1576 933 1622 tam
944 1574 1041 1636 fragili,
1052 1574 1230 1634 impossibilem

144 1639 232 1687 licrito
243 1641 269 1687 in
279 1639 430 1687 montosam
448 1639 542 1687 Christo
560 1638 675 1698 ingloria
700 1643 777 1690 vitam
788 1644 887 1691 beatam
905 1645 1009 1705 putent,
1020 1644 1047 1691 in
1062 1655 1110 1703 quo
1129 1654 1231 1690 necesse

145 1709 324 1768 apparuerunt3
333 1708 391 1769 quia
400 1709 425 1757 et
432 1709 485 1769 ipse
493 1720 590 1768 pauper
597 1707 676 1755 factus
700 1714 737 1759 est
745 1713 814 1772 angi,
824 1713 922 1772 dolere,
931 1713 1072 1773 deplorare,
1083 1723 1229 1771 aegrescere:

145 1778 196 1838 est,
206 1791 263 1826 cum
274 1779 344 1827 dives
354 1778 428 1826 esset.
700 1781 839 1839 quasivero
850 1794 895 1840 ego
906 1783 932 1828 in
944 1781 1054 1841 corporis
1066 1779 1230 1828 exsultatione

176 1847 214 1894 ib.
225 1848 326 1895 Nullum
344 1860 402 1906 ergo
420 1846 598 1894 adminiculum
612 1857 679 1905 prae*
700 1850 779 1897 dicam
790 1851 868 1898 vitam
879 1851 977 1899 beatam
988 1850 1137 1908 consistere,
1147 1850 1172 1896 et
1181 1861 1230 1895 non

145 1916 210 1964 stant
229 1915 323 1964 divitiae
341 1916 372 1962 ad
389 1916 467 1963 vitam
482 1914 590 1962 beatam.
607 1913 677 1971 Quod
702 1917 727 1963 iu
737 1918 868 1971 altitudine
880 1919 1022 1977 sapientiae,
1038 1917 1160 1965 suavitate
1173 1929 1231 1964 con·

147 1984 276 2034 evidenter
293 1987 412 2032 Dominus
436 1986 463 2032 in
481 1985 613 2043 Evangelio
633 1983 678 2031 de·
700 1985 1231 2046 scientiae,virtutissublimitate.Nonnmn1

146 2052 292 2101 monstravit
300 2053 385 2100 dicens
394 2065 401 2097 t
410 2053 479 2099 beati
483 2065 597 2112 pauperes
604 2063 678 2112 „spao-
701 2053 727 2099 in
737 2053 849 2112 passione
860 2066 927 2114 esse,
936 2051 979 2101 sed
985 2051 1104 2101 victorem
1114 2064 1167 2100 esse
1174 2064 1231 2112 pas-

146 2122 213 2168 siam
223 2125 324 2187 nestram
335 2123 368 2169 eat
386 2133 484 2181 repanm
494 2122 547 2168 Dei.
558 2121 628 2167 Beati
637 2121 678 2179 qai
700 2121 776 2170 sionis
785 2122 886 2171 beatum
897 2123 1006 2182 est,nec
1016 2121 1096 2181 frangi
1106 2119 1230 2182 tempora·

146 2203 209 2237 areae
219 2192 324 2238 coartant
334 2191 458 2247 eiciebat,
467 2190 523 2250 quta
533 2188 676 2239 saturaban-
701 2191 731 2238 lis
741 2192 812 2239 motu
823 2191 922 2239 doloris.
1086 2232 1089 2241 ,

147 2261 194 2306 tur.
206 2262 275 2307 Beati
284 2261 326 2320 prii
334 2272 396 2306 anae
413 2259 485 2318 fletos,
498 2259 553 2318 qaia
564 2257 675 2305 ridebitis.
729 2259 768 2306 20.
778 2258 843 2309 Pone
853 2261 965 2309 accidere
975 2261 1029 2310 bac
1040 2259 1188 2322 quae'graria
1198 2261 1229 2309 ad
1306 2302 1311 2316 ,

146 2329 230 2388 ltaque
240 2327 426 2389 paupertatem,
437 2325 541 2387 famem,
552 2327 661 2374 dolorem
668 2359 681 2388 ,,
699 2329 750 2376 vim
761 2328 851 2378 doloris
862 2330 991 2389 feruntur,
1002 2330 1153 2390 eaecitatem,
1162 2330 1229 2377 exsi-

146 2409 201 2455 quae
212 2396 330 2457 putantur
346 2397 485 2454 mala,non
502 2395 581 2444 solum
596 2395 677 2455 impe·
701 2399 775 2458 lium,
791 2399 896 2460 famem,
908 2401 1020 2459 stuprum
1038 2399 1108 2459 filiae,
1120 2399 1229 2446 amissio-

147 2465 374 2512 dimentononesse
385 2464 502 2512 advitam
512 2464 677 2523 beatam,sed
702 2479 757 2514 nem
780 2467 924 2514 liberorum.
943 2466 1004 2525 Quis
1029 2466 1103 2526 neget
1128 2466 1228 2512 beatum

146 2535 222 2582 etlam
246 2534 388 2592 adiumento
415 2533 600 2581 evidentissime
620 2546 683 2595 pro·¹
701 2535 780 2592 Isaac,
791 2535 834 2594 qui
845 2546 895 2581 non
905 2533 1008 2580 videbat
1018 2532 1044 2578 in
1053 2532 1193 2591 senectute,
1204 2533 1229 2579 et

146 2602 292 2650 nunciatum
303 2602 349 2650 est.
630 2605 634 2612 '
701 2601 869 2648 beatitudines
879 2600 929 2646 suis
945 2598 1161 2647 benedictionibus
1171 2611 1230 2645 con-

384 2683 437 2698 ····
502 2704 506 2710 .
646 2663 650 2667 ’
702 2668 859 2716 ferebattdn
873 2666 1158 2726 nonbeatuslacobqui
1173 2680 1230 2726 pro·

326 2741 452 2797 GAPUT
473 2742 511 2794 v,
702 2737 772 2797 fugus
782 2737 862 2797 patria
873 2728 1138 2796 domo,mercenarius
1148 2737 1230 2795 pastor

148 2844 375 2896 Quaepuramurbona
388 2829 676 2892 plerumqueampemmenao
701 2807 817 2855 exsilium
825 2805 1023 2866 sustinuit,filiae
1034 2804 1181 2881 pudicitiam
1192 2805 1229 2852 iu·

104 2901 106 2906 '
170 2908 211 2936 osse
220 2897 246 2935 ad
254 2898 337 2936 beatam
347 2869 459 2936 vilamset
467 2908 517 2946 qnae
527 2900 676 2944 mala,mate-
700 2877 794 2937 gemit
814 2889 869 2924 ⁰⁸⁸³
888 2875 1047 2934 mmeramme
1064 2872 1154 2921 famem
1171 2887 1229 2934 pel·-

170 2951 225 2987 riam
239 2960 279 2988 esse
292 2950 402 2988 turturum
416 2951 492 2998 :quau
502 2951 642 2990 beatitudinis
652 2961 676 2990 aa
700 2944 829 2993 tulittNon
842 2957 898 3004 ergo
909 2943 976 2991 beati
989 2956 1093 3005 quorum
1104 2941 1152 2990 fide
1163 2943 1228 2992 Deus

170 3003 214 3042 ²¹⁶³
225 3004 325 3052 ⁸¹⁰¹¹²P¹³⁵
333 3003 483 3042 confirmatur.
699 3015 788 3074 accipit
797 3014 965 3062 testimonium
972 3045 980 3072 ,
988 3026 1043 3060 cum
1050 3012 1140 3060 dicitur
1149 3025 1155 3058 :
1165 3016 1228 3061 Deae

179 3083 217 3131 ra.
228 3083 277 3131 San
295 3083 321 3131 el
336 3084 379 3130 illa
390 3096 446 3144 quaa
463 3083 581 3132 videntur
597 3083 675 3144 bona,
700 3085 836 3143 Abrabam,
859 3085 923 3131 Deus
945 3085 1028 3139 isaac,
1051 3084 1114 3130 Deae
1136 3081 1228 3129 Jacob?
1254 3125 1258 3133 ,

148 3153 259 3213 divitias,
268 3153 417 3213 satietatem,
425 3154 539 3205 laetitiam
547 3156 676 3215 expertem
698 3154 784 3200 llisera
795 3153 833 3201 est
848 3153 967 3211 seruitus,
978 3150 1081 3199 sednon
1095 3149 1170 3198 miser
1186 3151 1227 3198 Jo-

147 3222 250 3282 doloris‚
269 3223 417 3271 detrimento
443 3237 496 3272 esse
514 3224 544 3270 ad
568 3224 676 3272 fructum
699 3217 1227 3281 seph3immoplanebeatus‚cumdominae

147 3289 322 3351 beatitudinis,
334 3291 464 3338 Dominico
473 3290 623 3339 declarbtum
633 3292 676 3350 ju·
699 3289 815 3344 libidines
822 3288 849 3335 in
860 3287 983 3336 servitute
991 3286 1084 3346 positus
1092 3286 1228 3334 coerceret.

147 3359 212 3408 dicio
221 3361 313 3421 liquet,
323 3373 379 3407 cum
390 3358 497 3407 dicitur:
510 3361 552 3409 Va
565 3360 629 3408 vobis
640 3363 676 3408 dt·
699 3359 763 3417 Quid
772 3359 803 3406 de
811 3358 894 3406 sancto
901 3357 982 3404 David
989 3355 1141 3415 loquar‚qui
1151 3355 1227 3402 trium

146 3429 242 3485 sitibus,
254 3430 311 3488 qaia
325 3428 413 3476 bebetis
428 3429 609 3474 consolationem
626 3443 676 3476 vcs—
699 3426 805 3490 filiorum
816 3424 952 3484 deploravit
962 3424 1071 3480 obitum,
1080 3421 1106 3467 et
1116 3422 1180 3479 quod
1189 3421 1229 3469 bis

147 3497 226 3542 traval
243 3498 285 3545 Voe
295 3496 360 3543 vobis
377 3497 419 3556 pat
431 3497 533 3543 saturati
542 3498 608 3553 catis,
620 3499 675 3556 quia
699 3492 798 3553 durius,
815 3493 936 3541 incestum
954 3489 1030 3538 filiae?
1040 3488 1163 3546 Quomodo
1178 3501 1228 3536 non

147 3564 266 3611 esurietis!
277 3564 307 3610 nt
316 3564 366 3611 illis
376 3565 419 3624 qui
430 3564 526 3624 rident,
539 3565 597 3623 quia
608 3565 675 3623 luge·
699 3563 799 3623 beatus,
808 3562 839 3610 de
851 3561 920 3620 cujus
931 3559 1083 3608 successione
1093 3556 1229 3604 beatitudi-

147 3631 218 3678 bunt.
229 3631 268 3677 Sic
287 3643 343 3690 ergo
361 3644 410 3678 non
431 3632 510 3678 solum
527 3631 675 3679 adminiculo
699 3629 738 3676 nis
756 3629 840 3676 auctor
863 3628 963 3674 exortus
979 3626 1031 3684 est,
1046 3625 1089 3684 qni
1108 3623 1228 3683 plurimos

147 3712 196 3746 non
204 3698 300 3746 suntad
309 3699 385 3747 vitam
395 3699 492 3746 beatam
503 3698 624 3758 corporis,
633 3698 675 3744 aut
700 3694 759 3743 fecit
776 3694 878 3743 beatos?
888 3694 956 3742 Beati
967 3695 1033 3740 enim
1046 3693 1087 3752 qai
1102 3699 1153 3740 aaa*
1165 3693 1229 3739 aida·
1281 3704 1283 3712 ’

148 3766 381 3825 cntemabona,sed
390 3767 464 3812 etiam
473 3764 600 3825 dispendio
609 3762 674 3811 sunt.
699 3765 769 3820 rant,
781 3765 803 3810 et
813 3762 966 3808 crediderumt.
978 3758 1087 3807 Fuerunt
1102 3760 1127 3806 st
1142 3759 1189 3819 ipsi
1201 3760 1228 3807 iu

178 3836 216 3881 li.
233 3834 292 3880 lnde
303 3833 371 3881 enim
381 3832 468 3881 beatus
476 3833 588 3880 Nabutlre
601 3832 675 3879 etiam
699 3842 773 3878 sensu
790 3828 953 3888 infirmitatis,
973 3828 1016 3876 scd
1033 3827 1177 3876 evaluerunt
1196 3829 1226 3875 de

148 3917 203 3952 curu
218 3902 369 3962 lapidaretur
382 3913 395 3949 a
412 3901 504 3961 divite,¹
515 3902 573 3962 quia
582 3912 675 3962 pauper
700 3898 841 3947 infirmitate
852 3896 935 3945 fortes.
950 3895 1015 3955 Quid
1030 3889 1173 3943 laboriosius
1184 3908 1229 3942 au·

148 3976 172 4019 et
184 3973 294 4020 infirmus
309 3971 427 4019 adversus
443 3984 502 4033 opes
515 3971 607 4031 regias,
624 3971 674 4019 solo
699 3971 749 4018 tem
759 3968 842 4017 sancto
853 3967 897 4014 iob
912 3967 953 4014 vel
964 3965 990 4013 in
1000 3965 1086 4012 domus
1097 3964 1227 4025 incendio,

147 4043 200 4089 erat
215 4041 303 4089 affectu
315 4041 341 4089 ot
357 4038 474 4100 religione
490 4041 573 4101 dives,
584 4040 613 4087 ut
629 4039 673 4100 pess
699 4039 739 4088 vel
754 4037 859 4085 filiorum
876 4034 960 4084 decem
979 4034 1080 4083 interitu
1091 4033 1230 4080 momentu.
