2752 4814
361 421 399 466 DE
416 421 568 467 ormella
587 419 838 477 bibianellum,
857 419 957 465 LIBER
974 421 993 463 l.
1185 419 1239 468 lab,

144 503 676 566 ravitenimquodDeitavorcubiquetutus
701 502 853 563 moderatus,
874 501 902 549 in
919 500 1032 549 ubertate
1055 500 1186 562 providus,
1205 503 1232 550 in

146 585 199 620 esse
219 571 316 632 posset,
335 565 425 621 eliense
448 573 534 620 autem
557 571 674 632 Domino,
701 569 765 618 lame
773 570 870 630 iustus,
887 571 998 618 ordinem
1016 569 1096 617 landis
1106 570 1180 618 rebus
1190 572 1232 618 ad·

146 641 221 688 etiam
234 640 299 688 domi
309 654 359 688 non
368 642 450 704 posset
461 642 551 690 illaesus
565 653 675 688 manere.
698 639 1060 699 jungens,ctopportunitatem
1066 637 1230 700 temporibus,

145 705 676 771 Vicitigiturappetitumratio‚etobedien-
700 707 844 766 aequitatem
860 707 957 767 populis
974 705 1050 753 cilicii
1065 705 1104 753 sui
1119 705 1232 754 modera-

145 776 197 824 tem
207 777 252 824 sibi
264 779 387 838 praestitit.
701 776 767 836 tione
776 775 936 836 dispensans?

177 845 230 895 109.
249 847 322 906 Capto
340 847 447 908 nepote,
468 860 517 895 nen
527 846 674 908 perterritus
731 846 786 893 lia.
817 846 863 893 lob
888 856 986 905 quoque
1002 844 1077 904 juxta
1103 843 1231 905 secundis,

145 926 225 975 neque
234 916 361 975 tetregum
371 917 484 964 turbatus
495 917 609 977 populis,
620 916 675 964 bel·
700 916 773 975 atque
784 915 894 963 adversis
908 915 983 962 rebus
994 914 1232 975 irreprehensibilis,

145 985 197 1031 lum
217 986 440 1045 repetltrvictoria
461 987 567 1046 politus,
586 985 674 1046 praedae
700 987 813 1045 patiens,
835 986 917 1046 gratus
932 987 984 1033 Dee
1003 985 1078 1044 atque
1099 985 1231 1045 acceptus,

144 1053 239 1113 partem
256 1053 326 1112 cuius
340 1049 394 1114 ipse
408 1054 457 1102 luit
467 1056 565 1114 auctor,
577 1067 675 1102 recusa·
699 1056 837 1104 vexabatur
857 1054 995 1115 doloribus,
1014 1053 1060 1102 sed
1078 1065 1105 1102 se
1122 1055 1241 1102 consola,

144 1121 190 1169 vit.
208 1123 327 1171 Promisso
346 1136 445 1184 quoque
463 1123 510 1170 sibi
531 1124 596 1184 tilio,
618 1136 675 1170 cum
700 1123 781 1171 batur.

143 1192 310 1240 consideraret
320 1193 427 1240 emortui
441 1191 548 1251 corporis
556 1193 595 1239 sui
610 1193 676 1240 vires
730 1191 784 1238 lit.
804 1192 884 1240 David
915 1192 991 1240 etiam
1017 1190 1088 1239 fortis
1105 1189 1132 1238 in
1150 1189 1231 1251 belle,

142 1258 279 1322 depositas,
291 1261 447 1308 sterilitatem
463 1260 623 1322 conjugis,et
634 1274 676 1308 su·
700 1260 796 1320 patiens
824 1261 850 1306 in
868 1260 992 1319 adversis,
1024 1261 1051 1306 in
1072 1259 1229 1307 Hierusalem

143 1323 267 1388 premam¹
285 1330 457 1390 senectutem,
486 1329 563 1376 etiam
592 1329 675 1377 contra
700 1329 830 1388 pacificus,
851 1328 878 1376 in
896 1329 1001 1376 victoria
1021 1328 1181 1386 mansuetus,
1203 1327 1232 1374 in

143 1407 216 1442 usum
227 1397 321 1444 natura·
332 1397 382 1442 Deo
393 1396 506 1445 credidit.
701 1396 801 1456 peccato
812 1398 910 1457 dolens,
921 1397 948 1443 in
960 1398 1086 1445 senectute
1099 1395 1232 1455 providus,

176 1465 229 1512 ll0.
238 1465 342 1513 adverte
354 1466 486 1513 convenire
494 1466 675 1527 onniaappe-
699 1479 782 1514 rerum
790 1467 887 1525 modos,
895 1467 963 1514 vices
972 1469 1112 1525 temporum
1124 1477 1169 1525 per
1179 1465 1232 1513 sin-

143 1532 260 1581 litusnon
271 1533 361 1593 defuit,
370 1534 413 1582 sed
421 1547 547 1595 repressus
554 1536 592 1583 est
603 1549 609 1582 :
619 1536 675 1582 ani·
699 1535 811 1594 gularum
819 1546 889 1582 sonos
895 1534 1003 1582 servavit
1011 1535 1125 1592 aetatum3
1135 1533 1163 1580 ut
1168 1531 1232 1583 mitat
1314 1536 1317 1540 ”

143 1615 197 1650 rnus
212 1603 312 1662 aequalis
330 1604 459 1662 gerendis,
475 1603 518 1664 qui
529 1617 575 1652 nec
587 1617 674 1664 magna
699 1603 812 1650 videatur
827 1615 875 1650 non
897 1603 977 1669 minus
998 1602 1098 1650 vivendi
1123 1613 1231 1662 genere,

144 1684 188 1731 pro
207 1672 312 1732 vilibus,
333 1685 380 1720 nee
399 1673 494 1720 minora
512 1685 557 1732 pro
577 1675 673 1733 magnis
698 1684 771 1732 quam
787 1672 893 1720 canendi
908 1670 1029 1720 suavitate
1045 1670 1176 1732 praedulcis
1184 1670 1241 1730 ime

144 1739 258 1801 duceret,
274 1741 409 1789 moderatio
424 1754 468 1802 pre
479 1743 598 1803 negotiis,
615 1742 673 1790 orde
698 1740 828 1787 mortalem
842 1740 895 1787 Deo
906 1739 946 1786 sui
965 1739 1059 1787 fudisse
1069 1737 1154 1788 meriti
1170 1750 1229 1787 can-

144 1822 240 1871 rerum‚
257 1811 426 1870 opportunitas
440 1810 593 1870 temporum,
605 1824 673 1858 mcn-
699 1807 813 1854 tilenam.

143 1890 200 1924 sura
220 1879 360 1925 verborum.
376 1877 437 1926 Fide
453 1879 562 1938 primus,
577 1878 674 1935 iustitia
734 1875 785 1922 ll5.
795 1875 864 1933 Quod
873 1874 913 1922 bis
922 1874 983 1922 airis
993 1875 1168 1935 principalium
1180 1873 1232 1924 vir-

143 1945 300 2004 praecipuus,
315 1946 341 1992 in
356 1946 577 2005 praeliostrenuus‚
588 1947 673 1993 invic·
698 1943 781 1991 tutum
792 1943 900 1990 elliciurn
915 1942 1009 1990 deluit?
1026 1944 1133 2001 Quarum
1149 1941 1229 2002 prime
1258 1995 1261 1999 ,

143 2013 265 2060 tarianon
273 2013 674 2074 avarus,domibospitalis,uxori
698 2012 751 2059 loco
762 2012 943 2059 constituerunt
955 2010 1125 2071 prudentiam,
1140 2025 1195 2072 quae
1204 2010 1230 2059 in

144 2080 254 2129 sedulus.
699 2079 752 2126 veri
770 2079 959 2138 investigatione
968 2081 1099 2139 versatur,
1111 2080 1136 2127 et
1146 2079 1228 2136 seien-

177 2150 230 2197 lll.
251 2150 367 2198 Sanctum
383 2163 480 2212 queque
492 2150 545 2210 eius
558 2150 674 2210 nepotem
698 2146 740 2193 tiae
759 2147 879 2206 plenioris
905 2146 1015 2194 infundit
1037 2147 1198 2208 cupiditatem
1219 2160 1227 2192 r

144 2219 218 2266 iacob
230 2218 671 2278 delectabatdornisecurumdegere:
698 2214 804 2262 secundo
821 2212 958 2276 justitiam,
978 2229 1033 2276 que
1051 2229 1123 2264 suum
1139 2217 1229 2279 cuique

144 2287 188 2335 scd
202 2287 282 2335 mater
292 2288 373 2336 voluit
383 2287 548 2348 peregrinari,
565 2289 594 2336 ut
605 2288 673 2336 daret
697 2284 801 2343 tribuit,
811 2287 922 2333 alienum
933 2287 984 2333 nen
995 2285 1120 2344 vindicat,
1131 2285 1229 2334 utilita⁴

143 2357 257 2405 fraternae
272 2357 406 2404 iracundiae
421 2357 512 2405 locum.
521 2358 588 2405 Vicit
597 2371 673 2418 appe·
697 2352 747 2400 tem
755 2355 881 2414 propriam
902 2354 1019 2413 negligit,
1034 2356 1063 2402 ut
1074 2367 1230 2402 communem

143 2426 215 2473 titum
231 2426 327 2474 consilii
343 2425 481 2474 salubritas.
499 2426 574 2474 Exsul
586 2426 672 2486 dorne,
698 2422 840 2484 aequitatem
858 2421 980 2469 custodiat
995 2423 1089 2470 :tertio
1106 2422 1231 2470 fortitudi-

142 2493 260 2553 profugus
275 2505 290 2540 a
306 2493 463 2553 parentibus3
479 2493 571 2552 ubique
589 2494 673 2541 tamen
697 2501 769 2549 nem,
787 2503 842 2549 quae
860 2492 885 2537 et
901 2491 929 2536 in
942 2491 1017 2538 rebus
1027 2490 1125 2537 bellicis
1136 2491 1230 2538 excelsi

143 2561 333 2610 convenientem
358 2573 498 2608 mensuram
514 2561 619 2620 negotiis
635 2563 674 2609 te·
698 2558 774 2603 animi
788 2558 976 2617 magniludine,
995 2559 1021 2605 et
1036 2559 1102 2604 domi
1119 2559 1229 2617 eminet,

143 2631 213 2690 nuit,
240 2631 266 2677 et
286 2629 440 2690 temporibus
463 2629 673 2688 opportunitatem
699 2625 855 2685 corporisque
882 2626 981 2684 praestat
999 2625 1094 2673 viribus
1113 2639 1121 2671 r
1143 2625 1230 2686 quarto

144 2697 289 2746 reservavit.
301 2697 421 2758 deceptus
436 2698 502 2745 domi
514 2698 673 2757 parentibus,
699 2692 901 2752 temperantiam,
916 2705 971 2753 quae
982 2693 1096 2754 medum,
1108 2694 1232 2744 ordinem·

144 2766 173 2812 ut
183 2766 246 2812 alter
257 2765 398 2813 maturitate
409 2764 675 2826 provocatnsobsequli
699 2773 747 2820 quc
764 2761 847 2808 servat
862 2762 987 2821 omnium,
1001 2775 1057 2822 quaa
1066 2762 1108 2814 vel
1118 2760 1229 2825 agenda,

143 2833 343 2882 benedictionem
359 2834 441 2895 daret,
455 2835 518 2881 alter
531 2846 614 2882 amore
629 2835 671 2895 pio
699 2830 740 2877 vel
749 2828 853 2877 dicenda
863 2830 1021 2878 arbitramur.

143 2903 318 2964 propenderet.
340 2903 458 2950 Fraterno
473 2916 569 2963 quoque
579 2903 673 2962 iudicio
936 2927 989 2943 -ι

143 2972 674 3035 praeletus,cumcibumsuumlratriceden-
840 2992 969 3046 CAPUT
998 2993 1093 3046 xxv·

144 3043 203 3090 duan
214 3041 323 3102 putasset
335 3042 520 3089 edelectabatur
531 3041 618 3102 utique
627 3043 674 3090 ali·
698 3081 794 3130 Exposita
803 3091 844 3120 cur
852 3081 944 3119 ducrum
954 3091 998 3120 non
1006 3080 1073 3119 fuerit
1082 3093 1094 3120 a
1104 3084 1228 3124 mmmm

144 3110 227 3157 mento
236 3109 372 3157 secundum
387 3109 516 3167 mumma
531 3108 575 3157 sed
587 3123 674 3158 mun·
721 3135 840 3173 virlulibus
851 3135 979 3181 exordium,
990 3135 1072 3172 easdem
1084 3135 1107 3172 ln
1120 3137 1229 3176 veteribus

144 3177 204 3224 dum
227 3179 348 3237 pietatem
376 3178 450 3225 Gessit
470 3179 558 3238 petito.
590 3180 674 3227 Pastor
720 3188 924 3226 Patribusexstilisso
932 3189 1022 3236 pressius
1030 3189 1199 3228 demonstratur.

143 3246 242 3294 d⁰¹¹¹i¹¹⁰
260 3247 339 3308 tretis
352 3246 428 3306 fidus,
445 3259 528 3295 80οθΓο
543 3260 618 3306 aenei
635 3262 673 3299 se,-
729 3257 782 3306 lld.
790 3259 854 3305 lime
864 3258 965 3306 forsitan
973 3258 1062 3319 aliquis
1073 3260 1139 3307 dicat
1149 3261 1229 3319 primo

144 3320 229 3380 dulus,
244 3321 349 3382 impiger
363 3321 496 3381 inlabere,
515 3323 542 3370 in
560 3324 673 3372 convivio
698 3323 751 3370 loco
767 3325 825 3382 poni
845 3325 994 3384 oportuisse,
1014 3326 1132 3385 queniam
1147 3326 1178 3372 ab
1190 3327 1230 3374 bis

144 3403 245 3450 parcus,
269 3390 296 3437 in
320 3390 485 3438 satisfactione
505 3393 626 3451 praevius,
645 3393 673 3439 in
699 3393 803 3450 quatuor
812 3393 1229 3441 virtutibusnascunturotiiciorum

144 3459 343 3506 remuneratione
354 3461 441 3519 largus.
454 3460 566 3519 Denique
577 3461 611 3508 sle
624 3461 674 3508 tra·
699 3472 798 3519 genera.
817 3460 866 3508 Sed
885 3462 931 3508 hec
953 3460 1013 3508 artis
1032 3463 1082 3522 est,
1100 3462 1130 3509 ut
1146 3463 1229 3521 primo

144 3529 240 3572 ternam
251 3526 371 3585 mitigavit
386 3526 673 3586 iracundiam3utcujus
699 3528 811 3575 Officium
826 3529 970 3587 deliniatur,
998 3531 1083 3588 postea
1102 3529 1169 3575 certa
1199 3527 1227 3574 in

145 3591 278 3638 verebatur
306 3592 465 3652 inimicitias,
492 3594 674 3654 adipisceretur
700 3608 790 3655 genera
801 3597 933 3644 dividatur.
945 3599 993 3644 llos
1005 3597 1089 3644 autern
1101 3596 1179 3642 artem
1189 3594 1230 3642 iu·

146 3657 258 3718 gratiam.
373 3672 378 3679 ·
700 3664 792 3722 gimus,
805 3665 918 3724 exempla
927 3666 1046 3723 majorum
1054 3664 1227 3723 proponimus:

177 3727 230 3773 lit.
247 3726 312 3784 Quid
322 3727 353 3775 de
365 3729 562 3788 loseplrloquar,
573 3729 616 3789 qui
629 3730 677 3779 uti·
700 3744 755 3790 quae
777 3743 858 3790 neque
877 3731 1051 3779 obscuritatem
1067 3731 1183 3781 adierunt
1198 3733 1229 3781 ad

146 3796 310 3856 quebabebat
324 3797 486 3857 cupiditatem
501 3799 676 3858 libertatis‚et
701 3799 900 3860 intelligendum,
925 3811 1007 3859 neque
1025 3800 1058 3847 ad
1075 3800 1229 3849 tractandum
1280 3840 1285 3855 ,

146 3866 255 3926 suscepit
276 3865 372 3914 servitii
389 3866 576 3914 necessitatem?
598 3869 676 3926 Quam
700 3869 830 3916 versutias.
839 3866 876 3915 Sit
887 3867 961 3928 igitur
968 3868 1096 3918 nobisvita
1108 3869 1228 3929 majorum

146 3935 258 3982 subditus
270 3935 297 3982 in
314 3935 534 3995 servitute,quam
545 3937 571 3983 in
584 3938 675 3988 virtute
701 3935 836 3996 discipline
854 3937 997 3997 speculum,
1023 3950 1072 3986 nou
1088 3938 1230 3987 calliditatis
1279 3950 1286 3961 ·

147 4005 272 4064 constans,
287 4016 361 4064 quam
375 4003 499 4064 benignus
518 4004 675 4068 incarcere,
701 4005 903 4054 commentarium
925 4018 932 4051 a
951 4004 1065 4058 imitandi
1078 4009 1230 4066 reverentia,

147 4072 244 4131 sapiens
251 4073 279 4120 in
289 4071 508 4134 interpretatione,
519 4073 545 4121 ln
555 4075 674 4143 potestate
700 4087 749 4122 non
760 4075 899 4136 disputandi
908 4074 1010 4124 astutia.
