2752 4814
280 372 517 429 exrosrrio'm
535 385 663 445 nucum,
678 386 780 431 ercan
793 354 969 432 senuimus·
1137 384 1168 435 os

85 465 169 513 miuus
189 465 222 512 ud
242 466 429 525 promerendam
447 467 485 514 sui
511 468 614 526 gratiam
639 468 755 516 offendit
762 469 825 516 Nam
832 472 874 529 qul
884 481 972 529 corpus
982 468 1104 528 suscepit,
1116 482 1171 517 omn

86 534 166 581 studia
177 535 260 582 nostra
270 535 351 594 acuit,
362 537 388 582 et
403 535 559 596 adquirendae
571 549 614 583 cu-
639 537 679 582 nia
691 538 776 584 debuit
786 538 869 585 subire
879 536 1048 598 quaecorporis
1058 538 1114 584 suut
1122 550 1129 596 3
1138 540 1168 585 ut

85 601 191 662 piditale
206 602 343 650 divinitatis
354 603 491 652 inflammat
507 605 591 652 dicens
606 618 613 650 ε
639 606 757 665 esuriret,
771 606 865 665 sitiret,
882 605 1025 664 angeretur,
1038 605 1168 652 contrista-

86 674 167 733 lqoem
182 675 235 720 verti
248 674 336 720 mittere
351 675 485 721 interram.
501 675 553 720 Nou
563 674 615 721 uti·
639 673 725 720 retur:
738 674 856 721 divinitas
871 675 955 722 autem
969 674 1113 720 commutari
1125 686 1170 732 pec

86 752 136 800 que
157 740 229 786 ilium
248 741 329 799 ignem
345 742 524 788 consumtorem
541 743 616 789 bono-
639 743 683 790 hos
694 743 773 790 nescit
781 743 889 791 allectus.
902 743 978 790 Simul
990 742 1097 789 ostendit
1105 741 1170 801 quod

87 820 158 867 rum,
176 808 219 856 sed
234 807 303 856 bonae
321 809 455 857 voluntatis
475 810 614 872 auctorem,
640 811 666 857 in
682 812 816 859 certamine
832 812 950 872 passionis
964 825 1030 858 more
1047 811 1168 871 corporis,

87 876 130 936 qui
142 888 214 924 aurea
223 878 356 924 Dominicae
367 878 454 925 domus
464 891 519 926 vasa
530 881 616 927 mello-
640 880 758 927 absolutio
780 881 928 939 auxietatis,
946 892 997 928 uon
1016 880 1170 930 coacervatio

87 946 239 1005 1·at,ioeuum
250 959 308 994 vero
321 947 445 994 consumit
454 950 478 995 et
490 949 615 1009 stipulam,
640 949 671 996 sit
681 948 778 996 doloris.

87 1014 245 1061 acsaeculeria
251 1016 423 1062 omniamuudi
429 1017 553 1076 voluptate
560 1030 617 1065 con·
640 1045 711 1088 m,
722 1048 746 1084 ὅ,
767 1049 796 1085 53·
807 1026 887 1086 Putatis
896 1045 956 1096 quod
968 1057 1040 1095 pacem
1054 1047 1103 1085 veni
1117 1048 1169 1086 aare

87 1083 168 1141 creta,
186 1084 352 1144 perituraque
367 1097 427 1144 opus
440 1087 519 1133 carnis
533 1087 616 1134 exurit
662 1099 684 1136 m
694 1073 789 1137 terram?
803 1102 849 1138 uon
863 1101 910 1138 dico
924 1101 1038 1146 v01›rs,se=
1054 1101 1169 1147 separatio-

87 1151 151 1212 ignis
162 1153 204 1199 ilie
216 1153 328 1211 divinus,
337 1154 379 1212 qui
390 1153 582 1214 flammigerabat
591 1157 617 1203 in
663 1153 797 1190 nommant
806 1158 879 1190 aurem
888 1165 912 1190 el
921 1153 1096 1199 necquidquam
1106 1151 1171 1188 d0¹¹¹⁰

86 1221 618 1281 ossibusprophetarum,sicutsanctusllie-
664 1204 1172 1304 ἕὲξῐξίῐἯξΜέζῗῃἚέξξξζζὶᾗζᾙᾟζὲζῐζ

85 1292 177 1338 mmm
186 1291 246 1338 diest
258 1303 265 1337 ἶ
277 1293 339 1351 Quia
350 1291 426 1350 fadus
441 1295 473 1339 m
485 1293 543 1340 ΝΜ
557 1295 618 1353 ¹⁰97]ss
664 1312 789 1350 dividentur
800 1324 804 1350 ι
815 1317 884 1351 maier
893 1315 915 1350 in
924 1314 1030 1358 filiam,el
1041 1311 1084 1347 filia
1093 1312 1115 1347 in
1126 1321 1171 1347 ma·

86 1361 366 1419 urdel18,flallltlliqertttlt
376 1360 400 1405 l'll
409 1359 496 1406 ostibus
504 1363 567 1408 mett·
577 1362 618 1408 Est
664 1369 720 1403 lrern
729 1377 735 1404 τ
745 1377 817 1405 socrus
825 1367 848 1404 iu
859 1377 943 1405 nurum
951 1376 1023 1412 suaru,
1032 1367 1052 1402 el
1064 1374 1133 1402 nurus
1147 1366 1170 1402 in
1186 1410 1188 1415 Ι

86 1427 153 1474 onim
166 1428 230 1487 iguis
240 1428 338 1500 Domini
349 1422 379 1474 de
391 1440 440 1488 quo
457 1428 549 1475 dictum
562 1429 616 1475 est:
663 1430 749 1458 ΜΠ·
762 1430 822 1458 ⁵⁰³¹¹¹

85 1497 454 1558 [qnisootceomordebit.Estet
464 1496 617 1544 idemDomi·
672 1495 725 1544 l5lt.
743 1500 802 1544 Cum
818 1499 844 1544 iu
860 1497 972 1545 omuibus
990 1497 1042 1545 iere
1057 1501 1171 1556 Evange-

85 1579 132 1614 nus
140 1565 283 1626 iguis‚sicut
294 1565 345 1625 ipse
354 1565 431 1612 dixit:
440 1567 549 1625 queam
558 1568 617 1626 iqoio
640 1565 696 1613 licis
710 1567 770 1612 locis
780 1566 915 1626 spiritualis
932 1567 1073 1613 intellectus
1083 1579 1171 1626 operc-

86 1638 187 1692 ordene,
205 1637 291 1682 et'ooo
306 1647 450 1682 consumens.
467 1635 533 1694 Ignis
550 1635 615 1681 enim
641 1638 696 1693 tur3
717 1636 799 1681 lamen
823 1635 849 1681 iu
870 1634 988 1693 praesenti
1012 1635 1170 1681 maximone

86 1704 185 1750 Domini
196 1703 280 1750 lumen
297 1703 418 1750 aetemum
433 1704 479 1749 est.
495 1703 550 1761 Quo
565 1704 615 1763 igni
640 1716 713 1763 quem
725 1704 816 1751 duritia
832 1705 905 1751 nudae
922 1703 1082 1763 expositionis
1092 1703 1170 1751 otien-

86 1773 135 1820 iliae
154 1772 321 1820 accenduntur
337 1773 460 1829 lucernae,
476 1772 507 1818 de
527 1773 617 1832 quibus
641 1773 696 1832 dat,
721 1773 826 1831 spiritali
849 1773 980 1819 altitudine
1001 1784 1073 1819 sensu
1094 1773 1171 1819 serios

86 1855 159 1901 supra
167 1841 230 1888 dixit
240 1855 247 1887 r
256 1843 393 1889 stolonum
402 1841 551 1888 lumbtoeotri
557 1855 616 1902 prae-
641 1839 799 1898 temperanda
811 1840 865 1887 est:
876 1840 1011 1899 praesertim
1022 1853 1077 1886 cum
1089 1852 1172 1886 sacro·

87 1914 157 1958 citroli
163 1943 171 1968 ,
182 1913 203 1958 ot
215 1911 314 1958 lacerno>
324 1911 439 1956 ardentes.
452 1909 481 1954 Et
492 1910 547 1955 ideo
559 1911 616 1969 quia
641 1911 724 1956 sancta
741 1911 828 1966 religio
844 1910 977 1955 moralibus
993 1908 1120 1966 discipulis
1126 1928 1137 1965 ,ι
1146 1909 1172 1955 ct

87 1991 138 2026 nox
157 1979 194 2026 est
211 1978 263 2024 dies
281 1976 356 2033 hujus
373 1976 445 2032 vitm,
462 1976 563 2022 lucerua
581 1979 618 2023 ost
642 1977 742 2022 mitibus
759 1977 857 2034 pietatis
879 1975 1000 2034 exemplis
1020 1977 1094 2022 etlam
1113 1976 1172 2022 iidei

88 2046 234 2094 necessaria.
255 2047 327 2091 ilunc
345 2045 427 2104 ignem
447 2044 473 2090 iu
495 2056 521 2090 se
543 2045 618 2091 etiam
643 2044 740 2091 exsules
756 2044 785 2090 ad
802 2045 967 2091 reverentiam
978 2044 1109 2091 tameueui
1121 2046 1171 2091 cle-

88 2115 180 2161 Amaou
195 2114 220 2161 et
236 2112 354 2171 cleopbas
369 2120 383 2157 a
398 2113 503 2159 Domino
516 2113 617 2161 missurn
642 2113 738 2159 menter
753 2113 860 2170 invitet,
873 2114 902 2159 ut
917 2113 1008 2172 praevia
1023 2112 1080 2159 fidoi
1096 2114 1171 2161 disei-

86 2195 142 2230 esse
152 2183 273 2229 testantur
283 2181 394 2227 dicentes
405 2192 412 2225 ε
423 2182 507 2228 Nonne
517 2195 618 2229 coruos·
641 2181 710 2239 plina
721 2182 909 2229 mansuetudine
920 2180 959 2228 sui
969 2181 1171 2239 superstitionum

89 2255 154 2297 lenm
171 2251 255 2297 ordene
269 2251 322 2294 crat
338 2249 363 2294 io
379 2249 434 2305 oio,
445 2261 498 2294 cam
516 2251 617 2308 operiret
641 2248 700 2296 dura
718 2251 849 2310 dissolvat,
868 2252 893 2298 et
908 2251 1027 2299 obnoxias
1047 2253 1171 2299 erroribus

87 2319 153 2365 uobis
165 2315 316 2377 Scriptores?
327 2313 459 2362 Evidenter
474 2317 557 2376 itaque
573 2317 617 2364 do·
641 2320 735 2366 mentes
749 2323 819 2379 cogat
832 2321 907 2368 etiam
922 2321 970 2367 tide
981 2321 1098 2378 credere,
1110 2334 1171 2380 quos

89 2387 192 2434 cuerunt
202 2386 281 2446 qualis
291 2383 363 2431 istius
376 2384 440 2444 ignis
451 2384 482 2430 sit
492 2387 615 2446 operatio,
640 2389 721 2446 potuit
746 2389 839 2448 pietate
857 2391 975 2437 mulcere.
998 2391 1095 2437 Etenim
1113 2402 1170 2437 cum

88 2457 130 2514 qui
147 2455 241 2502 secreta
257 2454 338 2500 cordis
353 2452 485 2500 illuminat.
498 2454 555 2501 ideo
568 2453 617 2500 ior·
641 2456 698 2503 tidei
708 2457 757 2504 alta
768 2457 908 2516 pectoribus
924 2470 974 2504 non
991 2457 1121 2516 capiuntur
1131 2457 1170 2503 in-

89 2526 151 2571 lasse
163 2523 280 2569 Dominus
291 2523 318 2568 in
328 2522 516 2579 tenerenturne
527 2525 577 2582 est3
589 2525 617 2571 ut
641 2525 731 2583 firmis,
747 2537 793 2583 per
808 2537 836 2571 ea
852 2538 907 2583 quae
921 2527 1043 2583 praecepta
1056 2528 1126 2582 sunt,
1142 2538 1171 2572 eo

88 2589 274 2639 resurrectionis
293 2589 404 2647 tempore
422 2589 485 2635 vitia
502 2591 617 2636 universa
642 2605 696 2649 qum
713 2593 853 2639 veneranda
872 2593 942 2651 sunt,
962 2593 1127 2650 aestimantur;
1145 2595 1172 2654 ut

88 2659 228 2717 consumat,
246 2658 334 2717 suique
349 2657 481 2714 conspectu
496 2657 618 2704 desideria
641 2661 706 2715 iusta
725 2660 755 2706 de
766 2660 846 2717 justo,
858 2661 941 2706 sancta
956 2660 986 2705 de
1002 2662 1085 2706 sancto
1096 2661 1172 2706 bono-

88 2727 212 2787 compleat
220 2726 385 2789 singulorum,
394 2725 585 2784 meritorumque
593 2727 619 2774 et
642 2741 696 2774 rum
705 2740 804 2774 suorum
816 2728 907 2774 bonum
915 2728 1036 2775 testentur
1047 2728 1155 2776 auctore.

90 2793 260 2854 mysteriorum
271 2793 355 2838 lumen
366 2791 492 2839 accendat.
673 2797 726 2842 l5b.
738 2798 799 2854 Ergo
811 2796 941 2842 Dominum
954 2796 1023 2842 ilium
1038 2797 1081 2855 qui
1098 2796 1172 2843 simul

122 2863 174 2910 133.
192 2861 270 2908 Tanta
288 2860 371 2920 itaque
390 2860 489 2906 Domini
507 2861 617 2920 dignatio
642 2863 1172 2923 divinitalisreverenliam,etpietatisgra·

89 2932 140 2990 est,
151 2931 179 2977 ut
190 2928 347 2976 infundendae
355 2929 425 2976 nobis
435 2928 581 2991 devotionis,
593 2933 618 2980 et
642 2933 701 2980 tiam
720 2933 823 2980 sundere
846 2935 988 2991 complexus
1010 2935 1048 2980 est
1065 2933 1170 2981 dicenst

89 2998 287 3048 consummandae
294 2997 452 3057 perfectiouis
462 2998 488 3044 in
499 3000 583 3057 nobis,
593 3002 618 3048 et
642 3003 728 3061 Diliqeo
738 3003 867 3048 Dominum
880 3004 958 3048 Deum
968 3004 1073 3048 tuum...
1085 3006 1106 3050 et
1117 3004 1171 3054 dili·

56 3110 59 3113 ,
90 3069 240 3117 maturandae
250 3079 294 3128 pro
305 3067 375 3114 nobis
383 3067 491 3114 studium
502 3068 619 3127 passionis
642 3083 679 3129 oce
685 3073 822 3130 proximum
834 3073 916 3130 tuom,-
929 3071 963 3116 ita
974 3083 1039 3118 nuuc
1050 3071 1172 3118 mutatum

90 3139 137 3187 sibi
149 3139 228 3186 inesse
236 3137 356 3184 testetur:
366 3137 409 3196 qui
420 3149 475 3185 cum
485 3137 511 3184 in
522 3150 547 3184 se
555 3139 618 3184 nibil
643 3150 695 3185 esse
707 3139 875 3199 opinabimur,
886 3141 915 3186 ut
926 3140 1024 3186 abolere
1035 3141 1172 3188 necessitu⁴

90 3207 206 3255 habuerit
223 3206 288 3267 quod
303 3205 412 3263 doleret,
428 3206 518 3253 nostris
535 3208 618 3253 tamen
643 3206 728 3253 dinnm
739 3203 981 3266 nomina,'eollidere
991 3207 1173 3266 pietalisaliec·

90 3276 227 3335 angebatur
246 3274 374 3332 aerumnis,
395 3274 421 3321 et
442 3273 488 3321 sub
509 3276 619 3334 tempore
643 3275 695 3335 tus,
720 3276 900 3322 carissimorum
923 3277 1050 3336 pignorum
1072 3276 1173 3325 dissidia

91 3344 175 3391 mortis
189 3343 330 3389 moestitiam
345 3342 529 3402 praetendebat,
546 3356 619 3403 quam
643 3344 769 3390 mandasse
787 3345 914 3391 credamus
924 3344 934 3389 t
946 3346 974 3391 et
991 3345 1172 3406 quomodo-ipsc

91 3425 139 3460 uon
156 3425 189 3459 ex
198 3412 266 3458 metu
281 3411 366 3459 mortis
381 3424 445 3471 suae,
456 3411 499 3458 sed
510 3423 541 3458 ex
553 3424 619 3458 mora
643 3415 676 3459 est
684 3427 735 3472 poc
746 3415 841 3470 aoetro',
856 3415 896 3474 qai
908 3415 960 3472 fecit
970 3417 1069 3474 utraque
1080 3414 1173 3461 onom?

91 3482 178 3528 nostrae
195 3479 355 3527 redemtionis
372 3479 538 3538 adsumserat,
548 3478 619 3537 juxta
643 3480 767 3536 Quomodo
782 3479 838 3540 ipse
856 3482 939 3528 dicit:
955 3485 1042 3529 Pacem
1052 3495 1130 3528 meam
1144 3484 1172 3526 do

92 3549 157 3609 quod
173 3549 289 3608 scriptum
302 3550 339 3595 est
355 3559 361 3592 :
378 3549 409 3595 bl
420 3549 534 3606 quomodo
545 3561 620 3607 onqor
643 3549 720 3606 vobio,
737 3563 818 3609 pacem
836 3563 913 3597 mecm
933 3553 1039 3609 relinquo
1058 3549 1135 3604 vobio,
1152 3547 1172 3592 si

92 3619 223 3677 usquedum
231 3615 379 3676 perficiatur?
387 3614 478 3675 Utique
488 3616 531 3676 qui
542 3628 619 3674 usque
643 3618 756 3672 parentes
767 3629 781 3662 a
791 3617 861 3674 liliis,
872 3617 934 3665 filios
946 3631 959 3663 a
970 3615 1114 3676 parentibus
1125 3614 1172 3661 dis-

93 3684 124 3733 ad
132 3683 307 3743 perfectionem
315 3685 422 3743 angitur,
430 3683 460 3730 de
469 3683 620 3742 perfectione
644 3682 706 3728 sidio
722 3683 912 3729 necessitudinis
927 3683 1082 3741 separaturus
1098 3681 1173 3728 adve-

93 3765 193 3802 securus
205 3754 250 3799 est.
262 3754 290 3799 Et
301 3753 335 3798 ait
345 3744 404 3799 alibi
416 3765 423 3797 c
435 3753 518 3798 Tristia
526 3753 571 3806 cel,
582 3750 621 3795 in·
644 3748 831 3806 uitiQuomodo
841 3752 977 3797 Maledictus
991 3752 1032 3810 qui
1041 3763 1088 3796 ooo
1099 3750 1172 3798 bono*

92 3822 159 3883 quit,
171 3822 252 3868 aalma
262 3833 316 3866 meo
325 3826 397 3879 leoque
407 3822 437 3868 od
446 3821 554 3866 mortem.
569 3819 620 3864 Non
643 3821 683 3865 rol
690 3821 795 3879 patrem,
805 3818 934 3878 religiosus
943 3816 1101 3884 quidesoritt
1158 3840 1163 3847 ·

92 3890 194 3952 propter
203 3890 321 3946 moriem,
332 3888 376 3935 sed
386 3900 464 3949 usque
475 3887 505 3935 ad
515 3887 619 3934 mortem
674 3886 726 3934 456.
742 3886 791 3950 Sed
809 3888 829 3933 si
848 3888 1004 3934 advertamus
1019 3887 1076 3947 quia
1092 3887 1172 3947 prima

93 3959 172 4007 tristis
183 3959 219 4006 est
229 3955 362 4016 Dominum
375 3956 432 4016 quia
443 3968 499 4003 eum
511 3955 618 4003 conditio
643 3967 714 4002 causa
728 3955 868 4014 religionis,
881 3955 989 4003 secunda
1004 3956 1104 4016 pietalis
1120 3958 1172 4014 ost,

93 4027 224 4088 corporalis
235 4025 349 4083 allectus,
361 4037 409 4072 non
420 4024 523 4073 formido
534 4025 618 4072 mortis
643 4026 746 4073 enodem
757 4025 832 4073 etiam
842 4026 904 4073 banc
913 4025 1086 4074 aestlmabimus
1094 4037 1171 4085 quaes·
