2752 4814
260 420 440 466 expostulo
459 423 492 466 ΙΝ
507 421 633 475 LUCAM,
652 422 754 467 brana
772 422 948 468 SEPTIMUS.
1115 423 1146 470 bn

64 511 113 549 non
124 501 150 548 in
161 501 218 548 actu
233 502 432 562 computationis,
444 503 487 551 sed
498 502 526 549 iu
534 502 595 549 laci·
619 502 684 549 cadit
696 517 703 549 ι
715 505 759 551 sed
769 505 812 563 qui
823 505 967 552 delictorum
975 515 1072 551 suorum
1081 506 1146 552 mole

64 569 594 631 litatecognitionisaecipitmmoneuimsol-
618 572 709 631 ruerit,
724 574 803 620 Deum
821 574 957 620 latereuon
971 574 1077 632 poterit,
1088 580 1146 620 uam

63 640 159 688 licitam
170 640 236 686 Deus
247 652 310 687 ourae
320 641 473 688 numerantis
485 640 594 690 intendit
618 639 644 687 et
654 641 699 687 lob
709 654 742 690 ex
752 641 800 688 Dei
810 643 935 690 voluntate
946 642 1062 690 tentatur.
1073 643 1146 690 Dedit

65 707 214 756 excubiam.
225 708 317 756 sedoui
328 709 424 768 cognitu
435 709 593 768 suntomnia,
617 707 664 759 tibi
682 709 862 769 adversarium,
878 711 921 758 sed
937 711 1064 770 proposuit
1082 724 1146 788 prae-

64 777 135 837 quasi
155 777 283 824 numerata
301 778 358 824 sunt
375 777 466 825 omnia.
478 777 593 824 Beneta
617 776 704 824 mium.
722 779 772 824 Nec
792 790 894 826 excuses
911 778 1083 838 fragilitatem,
1101 779 1145 838 qui

62 858 122 894 rnen
131 845 256 893 numerari
267 844 401 905 dicuutur;
416 845 474 906 quia
484 845 527 892 illa
537 858 593 906 quaa
617 843 840 904 babesimaqinem,
846 846 1144 925 accepistimnnltionem.

63 916 177 963 volumus
194 925 305 973 servare,
317 926 484 961 numeramus.
616 915 682 962 unde
695 916 720 962 et
730 915 776 962 hoc
785 915 880 975 prolicit
888 915 919 962 ad
929 916 1043 974 salntem,
1054 917 1081 962 ut
1091 915 1146 963 sino
1200 963 1202 967 .

94 984 148 1030 ll5.
165 984 293 1030 Possumus
308 983 392 1030 umen
409 982 450 1029 bic
469 981 592 1031 discutere
616 984 777 1043 permissione
789 985 836 1032 Dei
855 985 979 1033 diabolum
989 997 1079 1032 nocere
1096 996 1145 1032 non

63 1051 162 1112 aliquod
187 1051 358 1112 intelligentiae
384 1052 503 1112 spiritalis
525 1064 592 1099 arca·
616 1065 687 1111 posse
703 1066 844 1114 cognoscam
860 1067 892 1101 ne
907 1054 1043 1114 potentiam
1053 1053 1147 1101 diaboli

62 1135 121 1171 num
134 1123 287 1182 :praesertim
299 1121 413 1168 cumboc
425 1120 593 1168 videaturab·
616 1123 694 1181 magis
705 1123 807 1184 timeas,
825 1135 902 1182 quam
918 1122 1054 1171 divinitatis
1069 1123 1146 1170 olien-

62 1193 178 1251 surdum‚
189 1192 218 1238 ut
231 1191 344 1238 homines
355 1202 404 1237 non
419 1191 502 1251 potius
512 1190 593 1236 homi·
616 1202 676 1236 sam.

62 1261 136 1308 nibus
156 1272 230 1320 quam
250 1258 391 1318 passeribus
409 1257 591 1317 comparentur.
653 1258 706 1305 ll6.
734 1260 788 1307 lam
814 1260 878 1308 illud
897 1254 946 1308 non
969 1260 1071 1308 dubium
1091 1262 1145 1318 est,

61 1328 186 1388 Videntur
204 1327 271 1374 enim
289 1327 398 1386 quinque
419 1326 462 1372 isti
483 1338 593 1387 passeres
617 1326 704 1374 animae
712 1340 835 1387 passerem
847 1330 998 1388 comparari,
1010 1341 1067 1375 cum
1078 1329 1146 1388 lege-

61 1397 173 1457 quinque
190 1407 242 1442 esse
259 1395 366 1454 corporis
381 1407 482 1455 sensus,
496 1396 575 1442 tactus
582 1427 591 1452 ‚
615 1394 650 1440 ris
661 1408 668 1440 a
680 1396 768 1444 Animo
777 1398 925 1445 uostroaicat
933 1411 1014 1456 passer
1024 1399 1103 1456 erepto
1112 1399 1145 1443 est

61 1465 191 1524 odoratus,
208 1464 306 1523 gustus,
317 1463 399 1522 visus,
417 1463 515 1511 auditus
527 1477 535 1510 a
548 1463 590 1524 qui
615 1466 731 1526 detorqueo
742 1469 886 1514 mauritium.
898 1467 928 1515 nt
938 1465 1015 1513 alibi:
1025 1466 1145 1527 Quomodo

61 1535 134 1582 modo
148 1544 274 1594 passerum
284 1531 304 1578 si
315 1533 466 1580 terrenarum
482 1532 590 1581 sordium
615 1535 688 1582 dicitis
700 1538 785 1583 aalma
793 1549 850 1583 mem
862 1551 870 1583 :
884 1538 1038 1596 Transmipro
1046 1537 1145 1582 inmon-

61 1603 183 1649 rimentur
205 1601 416 1660 illuviem,atquc
437 1614 469 1649 ex
491 1601 591 1649 incultis
615 1603 659 1650 tem
668 1605 1145 1665 sicutpcsserilpsumquoquebominem

62 1672 122 1719 locis
132 1672 157 1719 et
172 1670 265 1719 foetidis
281 1671 365 1718 cibum
380 1670 502 1730 quaerant,
515 1670 590 1718 delic-
615 1671 720 1733 legim'us
730 1672 866 1733 comparari
881 1674 987 1733 passeri,
999 1674 1057 1733 quia
1068 1673 1146 1733 scrip-

61 1741 142 1787 torum
153 1752 252 1787 suorum
263 1740 359 1799 laqueis
367 1739 494 1799 occupati,
506 1739 537 1786 ad
548 1751 589 1787 su·
614 1742 668 1787 tum
681 1743 720 1788 est
730 1753 738 1787 t
749 1743 800 1801 Epo
812 1744 890 1789 autem
903 1745 963 1790 sicut
974 1756 1056 1802 posuer
1065 1744 1146 1802 niaqu-

61 1811 184 1871 periorum
196 1822 298 1871 operum
310 1809 417 1869 tructus,
428 1809 519 1869 quibus
530 1821 591 1868 epu·
614 1810 671 1856 laria
682 1812 707 1856 ia
718 1810 829 1870 oedifici03
840 1809 935 1858 seilicet
945 1823 978 1858 ex
986 1810 1082 1857 duobus
1091 1822 1146 1871 pas·

60 1880 143 1926 lentur
161 1880 264 1937 animae,
281 1879 392 1926 revolare
413 1890 462 1925 non
480 1879 588 1938 possunt.
614 1878 709 1925 senibus
728 1879 754 1925 in
773 1876 850 1925 unum
867 1891 1004 1939 passerem,
1027 1880 1073 1926 hoc
1092 1879 1144 1937 cst,

60 1948 103 1995 Est
120 1947 187 1994 enirn
205 1946 366 1992 lenocinantis
377 1945 478 2004 quidam
489 1945 591 2002 laqueus
615 1945 736 2004 spiritalis
747 1945 1144 2003 substantiaesubtilitatem,²eou·

59 2015 206 2075 voluptatis,
214 2015 257 2074 qui
269 2014 405 2061 nostrorum
414 2013 525 2070 vestigiis
537 2013 591 2060 anl-
615 2012 737 2059 cordantls
745 2013 872 2073 utriusque
880 2015 926 2060 alas
934 2025 1049 2073 compage
1058 2013 1152 2059 forma-¹

60 2083 274 2143 morumquaedam
282 2081 560 2140 vinculasubnectat3ut
569 2081 590 2128 si
616 2081 663 2127 tus.
675 2082 736 2141 Ergo
749 2094 832 2142 passer
843 2081 921 2130 bonus
932 2084 982 2142 est,
996 2082 1036 2129 sui
1046 2082 1152 2130 volandi

60 2153 163 2214 igneum
170 2153 287 2211 rigorem,
295 2151 477 2212 puritatemque
487 2152 589 2211 naturae,
614 2149 701 2197 natura
709 2151 858 2210 suppeditat.
869 2153 911 2199 Est
919 2152 993 2199 etiam
1002 2153 1080 2199 malus
1091 2163 1144 2211 pas·

59 2224 167 2270 terrena
187 2222 297 2269 materiae
317 2233 403 2268 sensus
421 2215 589 2279 hebetaverit,
614 2231 666 2278 ser,
685 2220 729 2280 qui
743 2217 848 2268 >volandi
866 2234 938 2268 usum
960 2220 1064 2268 terrenae
1083 2221 1144 2268 vitio

59 2292 165 2338 luxuriae
180 2291 261 2351 pretio
271 2290 393 2338 secularis
408 2289 534 2337 addietum
544 2289 589 2336 sub
614 2289 677 2337 labis
687 2289 822 2340 aboleverit
834 2303 840 2336 ι
852 2291 937 2350 qualm
947 2289 1004 2337 suut
1012 2289 1146 2349 istlpasse·

59 2361 165 2420 quadam
183 2361 299 2408 vitiorum
317 2359 432 2406 auctione
446 2358 586 2405 constituat.
613 2370 667 2418 res,
686 2359 728 2418 qui
740 2358 989 2418 dipondioraeneunt.
1149 2364 1151 2368 ⁴

91 2427 144 2475 lli.
161 2429 221 2476 Sunt
238 2429 313 2477 etiam
325 2428 437 2487 quaedam
452 2428 589 2474 nostrorum
645 2425 698 2471 lll.
711 2426 776 2472 Alibi
785 2438 838 2474 asse
846 2427 975 2484 vaeneunt,
987 2425 1048 2472 alibi
1059 2424 1145 2484 dipon·
1227 2461 1231 2466 .

60 2496 178 2544 nundinas
196 2496 351 2544 delictorum.
363 2496 448 2554 ltaque
465 2495 589 2543 variarum
614 2493 664 2540 dio.
683 2495 779 2551 Quanta
796 2495 881 2542 uilitas
899 2494 1061 2540 delictorum!
1074 2495 1145 2546 ‚Mors

61 2567 127 2625 capti
133 2564 257 2612 illecebris
264 2562 427 2622 voluptatum,
434 2563 477 2609 aut
484 2575 591 2610 venum·
616 2563 682 2608 enirn
693 2562 767 2619 vilis,
778 2563 822 2608 sed
832 2562 939 2620 pretiosa
949 2562 1036 2608 virtus.
1048 2563 1145 2608 Etenim

61 2632 148 2680 damur
168 2631 213 2678 sub
228 2630 344 2690 peceato,
361 2630 404 2675 aut
421 2629 591 2676 redimimura
616 2630 768 2677 adversarius
778 2630 903 2689 tamquam
915 2630 1012 2687 captiva
1022 2629 1145 2688 mancipia

60 2702 170 2760 peccato.
182 2699 290 2747 Christus
300 2709 344 2744 nos
358 2697 469 2755 redimit,
479 2698 592 2744 adversa·
615 2697 711 2745 vilioris
722 2699 805 2757 pretio
818 2697 986 2745 aestimationis
997 2697 1090 2743 addicit
1102 2711 1109 2742 ι
1120 2699 1146 2745 ut

61 2769 113 2816 rius
119 2768 216 2816 vendit:
225 2768 268 2814 ille
276 2765 430 2812 auctionatur
438 2766 469 2812 ad
476 2767 590 2825 mortem,
615 2777 674 2811 vero
685 2765 804 2812 Dominus
814 2765 938 2824 tamquam
950 2763 1058 2824 speciosa
1069 2765 1146 2812 servi·

61 2836 102 2883 bic
110 2836 210 2883 redimit
216 2835 248 2883 ad
255 2833 370 2882 salutem.
379 2831 450 2879 Unde
459 2832 522 2880 bene
529 2834 590 2879 illat-
615 2834 662 2893 tia,
674 2844 731 2894 quae*
738 2834 769 2881 ad
779 2833 910 2892 imaginem
922 2832 948 2880 et
957 2832 1145 2880 similitudinem

59 2906 139 2952 thaeus
150 2904 209 2952 duos
216 2915 327 2965 passeres
334 2902 429 2962 posuit,
441 2913 528 2962 corpus
536 2903 591 2949 ani·
614 2904 653 2950 sui
667 2904 743 2963 iecit,
755 2904 858 2950 idoneus
871 2902 910 2950 sui
921 2902 1003 2962 operls
1014 2902 1145 2951 aestimator

60 2984 173 3032 mamque
182 2972 335 3031 significans3
345 2970 460 3030 qnoniam
468 2982 523 3017 curo
530 2982 591 3030 quo·
615 2985 701 3032 magno
714 2972 795 3031 pretio
806 2984 850 3018 uos
860 2971 984 3029 redemit,
1001 2969 1065 3017 sicut
1074 2981 1145 3018 sanc-

60 3054 109 3100 que
120 3041 141 3087 si
152 3039 307 3088 consentiens
317 3038 363 3084 Dei
374 3038 438 3097 legi,
454 3038 480 3085 et
495 3050 590 3086 eruens
614 3040 863 3100 tusrlpostolusdixit
874 3052 880 3085 a
892 3042 958 3087 Emis·
964 3040 1086 3087 mamerto
1094 3053 1146 3101 pre·

60 3122 87 3156 se
98 3109 257 3170 lepepeecati
268 3107 417 3154 inmaturam
430 3107 517 3154 animae
535 3119 589 3154 sen·
615 3111 647 3157 tio
659 3124 755 3171 mopso.
771 3109 801 3156 Et
817 3109 881 3157 bene
895 3122 995 3170 mopso,
1014 3108 1079 3168 quod
1096 3121 1145 3157 nou

60 3191 130 3226 suum
138 3177 246 3238 puritate
256 3176 395 3233 transierit,
407 3175 451 3222 alis
462 3176 589 3223 adcoelum
614 3180 748 3227 aestimatur
761 3191 824 3237 aere,
835 3178 877 3226 sed
885 3177 1021 3237 sanquine3
1033 3177 1090 3238 quia
1101 3189 1145 3236 pro

60 3246 211 3306 spiritalibus
229 3245 350 3292 elevatur.
371 3246 456 3303 ltaque
473 3244 590 3291 docemur
614 3248 684 3295 nobis
693 3249 803 3295 mortuus
811 3247 849 3295 est
858 3246 1030 3305 Christus,qui
1039 3245 1146 3306 pretioso

61 3313 589 3374 quiavolandinobisqratiamnaturadedit‚
614 3314 1146 3376 ruossanguineliberavit,sicutetiamsanc-

61 3385 173 3444 voluptas
189 3383 303 3440 abstulit,
316 3395 373 3441 quae
388 3383 507 3429 malorum
528 3382 590 3429 escis
614 3385 654 3432 tus
663 3387 749 3432 Petrus
756 3387 783 3432 in
790 3384 897 3445 Epistola
905 3383 1080 3431 commemorat
1088 3395 1144 3442 sua,

60 3455 146 3512 gravat
156 3453 278 3511 animam,
291 3453 365 3512 atque
377 3452 404 3499 iu
413 3452 527 3499 naturam
537 3463 591 3498 cor·
614 3455 723 3502 scribens
741 3455 772 3501 ad
790 3466 834 3501 nos
846 3467 853 3500 r
866 3455 927 3515 Quin
941 3465 989 3500 noa
1005 3453 1146 3512 corruptibi-

61 3534 142 3582 poreae
153 3521 224 3568 molis
233 3521 344 3568 inclinat.
423 3552 427 3559 ι
615 3523 674 3570 libas
689 3526 786 3583 arpenta
799 3523 835 3570 vel
849 3536 923 3580 auro,
939 3522 1034 3581 inquit,
1049 3520 1145 3567 redemti

88 3590 287 3649 malleumque
297 3590 379 3650 posuit
384 3590 442 3650 quia
451 3603 526 3637 nemo
536 3591 590 3638 illo-
614 3593 667 3638 estr's
674 3593 701 3636 de
707 3604 771 3638 uorsa
776 3593 854 3638 oestro
862 3591 1035 3638 conuersatione
1039 3589 1145 3646 pateram

63 3657 189 3704 rumendit
195 3657 591 3717 sinevoluntaleDe13quodenim
615 3659 748 3704 traditionis
764 3671 772 3702 r
787 3659 825 3704 aed
839 3659 939 3715 pretioso
954 3657 1066 3714 sanquine
1078 3654 1146 3712 quasi

64 3722 145 3782 cadit,
154 3725 234 3782 vergit
242 3725 268 3769 in
276 3728 368 3771 terram
379 3738 386 3770 a
398 3726 425 3771 et
434 3724 500 3784 quod
512 3723 591 3779 volat,
615 3727 672 3783 opat
683 3726 890 3771 tacoretamr'rrotiet
903 3723 1050 3770 immaculati
1059 3722 1146 3771 Cirristr'

63 3791 159 3850 fastigio
170 3791 360 3839 immortalitatis
372 3791 496 3838 evehitur.
508 3791 542 3836 lte
552 3791 592 3836 eui
616 3792 720 3840 seruit
730 3792 794 3839 bene
802 3793 916 3852 pretioso,
927 3790 985 3851 quia
993 3789 1143 3839 immaculati

64 3863 147 3910 autern
168 3861 272 3908 dubium
290 3861 355 3907 esset
380 3858 446 3918 quod
465 3858 593 3905 Matthaeus
616 3859 835 3921 corporissanguis
850 3860 901 3918 est,
918 3859 978 3919 quia
992 3859 1090 3918 sanguis
1106 3859 1144 3906 est

63 3932 140 3990 dixit,
160 3931 237 3978 Lucas
254 3929 386 3977 evidenter
410 3927 514 3976 absolvit
534 3929 591 3987 quia
615 3930 671 3976 lilii
686 3931 750 3977 liei.
763 3929 868 3989 quinon
881 3927 1143 3976 solumdemaledicto

65 4002 176 4048 voluutas
188 3999 296 4048 bommls
305 3999 357 4046 Deo
373 3998 469 4058 cognita
479 3998 530 4058 est
542 4010 591 4045 non
615 4000 702 4059 begis,
720 3999 764 4047 sed
780 3998 897 4046 etiamde
916 3997 1051 4060 impietatis
1064 3997 1144 4077 morte
1190 4024 1194 4033 ·

68 4070 131 4119 enim
142 4070 292 4133 quietamque
310 4069 390 4130 eadlt,
403 4067 529 4118 volentate
545 4068 591 4117 Dei
614 4067 736 4129 perpetua
746 4065 913 4114 nosredemit.
