2752 4814
210 391 265 441 me
519 446 524 460 Ι
609 372 902 440 sencrr'nrrnnosn

211 478 314 539 epuloque
325 476 372 526 sibi
384 475 584 538 serlonemque
594 477 648 538 ipse
658 475 739 537 amuli
763 489 837 537 quam
847 475 990 537 persecutor
1001 474 1043 536 qui
1062 475 1170 524 venerat
1179 473 1303 524 utcbris·

210 547 278 606 quod
295 547 410 606 iniuriam
428 546 498 594 iretrl
520 546 622 606 indigue
638 544 739 594 lecerltt
764 545 817 593 turn
825 540 964 593 occideret?
974 543 1024 592 Sed
1041 543 1122 592 noluit
1142 556 1172 592 se
1189 544 1302 592 christus

210 614 282 672 Quod
298 628 347 662 non
368 615 738 674 mediocritersmipturseom-
762 612 949 673 persecutorum
979 611 1080 659 deicudl
1098 613 1226 672 vnlnere,
1255 611 1299 672 qni

211 683 310 730 meudet
321 683 405 730 dicens
415 695 422 730 ε
434 686 522 731 Exere
531 684 656 732 stultorum
667 683 738 730 bccu-
763 682 895 730 voluitsno
904 682 1009 728 vulnere
1019 690 1106 727 onmes
1120 690 1222 728 sanare.

205 750 739 811 ‘lencontundimslultitiaipiturcondem-
793 750 832 798 28.
851 751 900 797 (tur
920 749 989 798 euim
1010 749 1036 797 te
1064 746 1195 810 potior‘enr
1218 749 1300 797 allero

206 821 299 879 natur,
309 820 368 880 quia
378 820 554 868 contumeliam
566 819 635 866 iacit.
653 820 738 866 ltonne
761 818 869 877 indices,
886 831 943 866 cum
960 817 1009 866 riri
1029 817 1062 864 sit
1080 817 1213 866 christiani
1236 830 1299 878 prm·

208 884 259 934 linc
279 886 355 946 magis
371 887 516 947 inplendum
531 921 540 947 ,
558 899 632 946 quem
650 899 738 946 mors,
764 887 828 935 terre
839 886 887 935 sibi
897 887 1016 946 alteram,
1027 885 1093 933 nibil
1104 886 1156 934 sibi
1166 898 1297 946 arrogare,

210 956 653 1016 quamdispendinm,qnaminopia,
664 968 738 1015 quem
763 956 859 1016 npllum
876 954 926 1004 sibi
942 955 1059 1002 bonorem
1077 955 1228 1016 adsumere,
1250 960 1299 1003 nor

207 1024 343 1084 exsilium,
353 1038 427 1086 quarn
439 1025 576 1073 debilitatis
584 1023 667 1071 dolent
679 1024 739 1081 Quis
763 1024 890 1073 vindicare
905 1025 990 1072 meriti
1007 1025 1044 1072 sni
1063 1024 1298 1085 pretinmtlleinde

216 1094 278 1142 mlm
288 1093 378 1158 vitium
393 1095 516 1154 corporis,
538 1093 582 1140 ant
595 1092 739 1152 patrimonii
763 1104 808 1139 cur
817 1105 866 1141 non
875 1095 944 1141 tuum
954 1093 1059 1140 tolerare
1069 1094 1156 1153 potius
1164 1093 1298 1141 incommo-

211 1159 326 1208 namnum
340 1174 388 1209 non
399 1161 479 1210 lentes
491 1161 562 1209 ducat
572 1161 634 1208 vitio
645 1159 737 1219 enimi,
763 1161 836 1222 dum,
844 1175 917 1223 quem
938 1162 1049 1210 alienum
1062 1162 1223 1210 commodum
1233 1161 1295 1210 ‹liri-

210 1229 237 1276 et
246 1230 437 1278 existimationis
453 1230 592 1291 dispendio.
764 1243 824 1290 pere
844 1230 988 1278 adsuesces?
1012 1231 1151 1290 Quiritem
1180 1231 1299 1279 adversus

240 1293 280 1343 m.
300 1298 389 1357 biqnet
408 1296 484 1356 igilur
495 1297 522 1344 id
535 1295 696 1356 spectandum
714 1293 740 1342 et
763 1300 889 1359 naturam,
900 1311 972 1360 quarn
985 1311 1033 1346 non
1044 1311 1098 1347 esse
1109 1299 1259 1346 contentum
1270 1310 1298 1344 eo

210 1365 344 1413 tenendum
362 1364 490 1424 omnibns,
508 1364 574 1424 quod
590 1364 677 1411 eedem
687 1363 740 1410 sin·
763 1368 829 1427 quod
840 1368 944 1428 habeas,
966 1368 1047 1415 aliena
1057 1379 1189 1429 querere,
1203 1366 1297 1413 ambire

209 1433 322 1492 pulcram
334 1434 366 1480 sit
376 1433 485 1493 utilitas,
494 1446 551 1497 pum
566 1434 599 1480 sit
609 1433 740 1480 universo-
763 1433 884 1494 turpitert
904 1436 965 1481 Nam
982 1435 1004 1481 si
1024 1435 1141 1483 bonestns
1160 1434 1298 1488 secundnm

209 1511 264 1546 rum
277 1512 284 1546 ε
296 1499 409 1559 nihilque
418 1499 578 1556 inomandum
593 1500 670 1558 utile,
689 1500 737 1547 nisi
763 1504 892 1561 naturam,
904 1502 986 1549 omnia
997 1503 1066 1550 enirn
1081 1501 1143 1549 iecit
1154 1503 1224 1549 Dens
1236 1501 1298 1548 bona

209 1567 276 1626 quod
283 1568 443 1615 incommune
449 1568 534 1628 prosit.
540 1567 665 1625 Quomodo
672 1568 739 1615 eninr
763 1571 851 1631 valde,
863 1571 991 1630 turpitudo
1008 1571 1094 1630 ntique
1110 1571 1238 1617 contrariu
1249 1570 1295 1616 est.

210 1637 290 1699 potest
307 1636 352 1684 uui
371 1635 503 1697 prodesse?
520 1637 591 1696 Quod
605 1637 695 1684 inutile
707 1637 740 1685 sit
764 1640 815 1686 Non
825 1640 907 1698 potest
918 1652 975 1699 ergo
983 1639 1106 1686 honestati
1116 1639 1258 1686 convenire
1267 1632 1299 1685 'et

210 1704 338 1763 omnibus,
348 1705 429 1753 nocet.
449 1704 509 1752 ltibi
529 1707 596 1752 certe
607 1716 657 1750 uon
668 1704 739 1752 vide·
764 1706 925 1767 turpitudini,
937 1719 995 1754 cnm
1006 1707 1059 1754 linc
1074 1705 1180 1755 lutense
1190 1706 1297 1756 (liuteis

210 1774 267 1833 tur,
278 1773 321 1834 qui
333 1773 428 1822 inutilis
436 1772 739 1830 estomuibus,sibiutilis
763 1776 920 1837 naturalesse
931 1776 991 1824 sint.

210 1853 264 1890 esse
285 1854 363 1902 posse.
373 1842 470 1890 Etenim
487 1841 508 1889 si
525 1854 575 1888 una
588 1843 631 1888 lex
646 1843 739 1888 natium
992 1875 1067 1887 ..-

210 1911 338 1972 omnibus,
349 1911 492 1971 annulique
507 1911 601 1958 utililas
612 1909 737 1957 universo·
942 1939 1069 1994 CAPUT
1087 1938 1126 1992 v·

210 1993 279 2040 rum,
288 1981 319 2029 ad
329 1980 505 2029 consulendum
520 1980 608 2040 utique
625 1979 739 2026 omnibns

209 2052 305 2098 iraturae
322 2051 377 2110 lege
406 2050 604 2110 constringimur.
623 2050 676 2095 Non
702 2049 739 2095 est
763 2037 1301 2106 Jmtimpffifltepronuodoiteorlrneroetrm.

211 2129 269 2177 erto
286 2119 340 2177 eius
358 2119 401 2179 qui
428 2118 566 2166 consultum
583 2118 646 2164 velit
666 2117 739 2164 alteri
785 2093 1301 2196 {Jffl'fifflffssffiffiuffaesszoefflflg

211 2187 345 2232 secundum
365 2186 496 2245 naturam,
514 2196 604 2232 nocere
617 2184 643 2232 ei
652 2184 739 2232 edver-
785 2201 923 2247 exceptorem
932 2210 972 2238 ese
981 2210 992 2236 .
1001 2199 1140 2248 perimes,
1150 2201 1310 2253 qmexpron„

210 2254 342 2312 similigem
353 2254 456 2301 ilatum.
785 2254 870 2292 Derieis
880 2263 904 2291 sc
913 2252 1017 2292 Jolnrnuis
1028 2254 1126 2302 Baptista
1139 2255 1207 2292 oertn
1216 2255 1240 2291 et
1250 2262 1301 2291 ren

240 2319 738 2382 26.Etenimsibiqullastadioeurrnnt,
784 2307 1043 2356 ⁸¹⁰¹¹¹1³¹²¹³¹⁰f⁸ffl¹¹¹¹¹“

211 2387 248 2436 ila
258 2389 370 2437 teruntur
381 2390 512 2450 praeceptis
527 2388 654 2436 informari
665 2391 738 2448 atque
791 2386 831 2434 29.
854 2385 903 2434 sm
921 2386 972 2445 jem
989 2385 1019 2433 ut
1035 2385 1112 2433 etism
1131 2384 1164 2434 in
1174 2385 1225 2434 boc
1237 2384 1299 2433 libre

211 2458 315 2519 instrm,
335 2461 364 2506 nt
373 2459 541 2520 unusquisque
552 2459 679 2505 celeritate
689 2470 738 2504 non
762 2467 880 2514 ponemus
887 2455 1028 2515 fastigium,
1039 2455 1065 2500 in
1073 2466 1123 2514 qno
1130 2455 1208 2503 velut
1215 2455 1243 2502 in
1250 2455 1299 2502 line

210 2526 297 2576 tmude
308 2528 454 2588 contendet,
471 2540 609 2588 cursuque,
620 2528 738 2586 quantum
763 2525 933 2585 disputationis
943 2525 1030 2572 nostrae
1041 2523 1182 2583 dirigamus
1199 2523 1300 2572 senten·

210 2598 304 2658 potest,
326 2599 357 2646 ad
380 2597 508 2645 victoriam
525 2598 658 2656 properet3
683 2610 739 2656 sup·
763 2594 878 2642 tiamtut
893 2593 957 2641 nibil
976 2592 1145 2652 expetendum
1168 2593 1218 2653 sit,
1250 2593 1298 2640 nisi

112 2661 115 2668 '
209 2666 321 2725 plantare
332 2667 414 2713 autern
423 2667 530 2714 alterurn
539 2667 581 2712 aut
591 2677 666 2713 mann
676 2666 739 2723 deji-
762 2662 827 2722 quod
834 2662 975 2709 honesturn.
984 2662 1051 2708 Nibil
1058 2661 1111 2721 agit
1118 2661 1239 2721 sapiens,
1250 2660 1299 2708 nisi

209 2745 266 2782 cere
281 2748 331 2782 non
350 2736 414 2782 ausit
427 2748 435 2781 ε
448 2735 538 2795 quanm
555 2735 632 2793 magis
654 2734 680 2780 in
693 2736 738 2783 boc
762 2730 892 2790 quodcum
904 2729 1062 2788 sinceritate,
1083 2729 1138 2776 sine
1147 2728 1239 2777 {raude
1248 2730 1299 2776 sits

210 2813 283 2849 cursu
294 2803 351 2849 uitae
362 2803 447 2861 istius,
466 2802 520 2848 sinc
541 2800 738 2848 fraudealterius
762 2811 843 2858 neque
864 2799 997 2858 quidquam
1013 2798 1086 2856 tecit,
1105 2798 1133 2844 in
1151 2811 1205 2858 qno
1216 2799 1299 2846 seori-¹

210 2869 236 2916 et
246 2869 473 2928 circumscriptione
485 2868 591 2928 gerenda
602 2869 673 2916 nobis
686 2871 738 2916 vie·
762 2868 828 2915 mine
845 2881 970 2928 quoquam
988 2867 1095 2927 obliget,
1107 2867 1211 2914 etiamsi
1219 2867 1299 2914 latere

210 2937 335 2985 torieestt
762 2938 845 2996 possit.
862 2937 914 2984 Sibi
935 2937 1002 2984 enim
1019 2937 1057 2984 est
1072 2948 1130 2983 rens
1149 2936 1299 2996 priusquam

239 3007 277 3053 27.
288 3006 403 3063 Quaerunt
410 3005 487 3066 aliqui
497 3005 518 3053 si
527 3007 625 3065 sapiens
636 3007 663 3054 ln
674 3019 737 3054 nau·
762 3007 872 3065 eaeteris3
894 3018 941 3053 nee
961 3007 1012 3052 tarn
1031 3003 1147 3064 pudende
1156 3004 1227 3064 apud
1240 3016 1300 3051 eum

209 3073 287 3132 srngio
297 3075 391 3133 positus
400 3073 527 3134 insipienti
537 3075 654 3135 naufrago
665 3076 737 3123 tabu·
761 3074 896 3133 publicatio
923 3073 1027 3134 flagitii,
1047 3085 1122 3133 quarn
1142 3072 1300 3120 conscientia

210 3142 260 3189 lam
268 3144 415 3201 extorquere
433 3141 524 3201 possit,
537 3144 621 3189 utrum
631 3142 738 3190 debeat?
761 3144 807 3191 est.
817 3144 888 3202 Quod
895 3156 944 3190 non
954 3143 1019 3190 lictis
1029 3141 1120 3189 tabulis
1128 3173 1136 3199 ,
1144 3143 1176 3189 nt
1183 3142 1299 3202 pbiloso-

208 3211 268 3258 bllbi
288 3211 405 3270 quidem,
425 3211 472 3258 etsi
490 3212 654 3270 praestabilius
672 3224 738 3259 cem·
761 3213 804 3271 plri
816 3212 957 3278 disputant,
968 3210 1162 3258 scelestissimis
1171 3209 1299 3269 iustorum

209 3279 278 3326 muni
306 3279 422 3327 videntur
454 3282 511 3327 usui
539 3281 676 3340 sapientem
706 3282 736 3329 de
761 3283 868 3330 virorum
879 3282 1001 3340 exemplis
1011 3282 1101 3329 docere
1112 3292 1258 3341 possumus.

210 3349 427 3408 naufraginuumn
448 3349 607 3409 insipientem
616 3350 735 3410 eredere3
789 3352 829 3398 50.
849 3351 902 3398 Non
920 3351 995 3409 igitur
1015 3362 1060 3409 ego
1080 3349 1208 3398 simulabo
1222 3348 1300 3397 terrae

208 3417 291 3465 tamen
308 3430 356 3464 non
373 3418 473 3466 videtur
487 3419 553 3478 quod
570 3419 610 3466 vir
623 3419 736 3467 cbristia-
762 3419 869 3479 bialum,
880 3432 935 3478 quae
945 3419 1040 3478 magnis
1056 3417 1212 3477 quibusdam
1225 3417 1300 3465 dissi·

208 3495 263 3543 nus,
274 3490 299 3533 et
307 3486 401 3544 justus,
410 3488 435 3532 et
454 3486 668 3546 sapiensquaerere
687 3487 735 3533 sibi
762 3487 835 3534 luerit
841 3488 920 3541 soluta
929 3487 1064 3544 imbribus,
1074 3486 1186 3544 inquens
1195 3485 1302 3533 deseen⁴

207 3554 283 3602 vitam
292 3555 371 3601 aliena
380 3554 457 3601 morte
473 3554 579 3602 debeat:
590 3555 676 3614 utpote
691 3555 733 3613 qui
761 3558 823 3604 disse
833 3558 925 3617 Gyges,
936 3556 1010 3617 atque
1022 3555 1058 3601 ibi
1071 3554 1217 3602 fabularum
1226 3555 1301 3602 illum

208 3623 282 3671 etiam
291 3624 312 3669 si
320 3623 440 3669 latronem
451 3621 571 3668 armatum
582 3622 687 3682 incidat,
699 3622 737 3669 te·
761 3638 850 3684 equum
860 3637 954 3672 aeneurn
970 3623 1127 3671 olleudiss'en
1142 3622 1253 3670 Platone
1262 3623 1302 3669 in·

118 3728 122 3735 .
207 3690 312 3738 rientem
322 3690 426 3738 referire
435 3702 484 3738 nen
494 3690 570 3749 pessit
579 3691 688 3750 ;ue‹lnm
698 3702 736 3738 sa·
760 3692 925 3752 ducitur,qni
934 3692 960 3737 in
971 3691 1093 3738 lateribus
1107 3688 1161 3737 suis
1174 3689 1244 3739 iores
1255 3692 1302 3738 bn·

207 3760 285 3807 lutem
303 3759 427 3819 defendit,
438 3760 556 3820 pietatem
574 3761 733 3808 contaminet.
761 3762 830 3809 beret
841 3773 915 3820 :quas
930 3760 973 3806 nbi
988 3758 1102 3818 apernit,
1113 3757 1304 3807 ammadvertit

208 3828 245 3873 De
264 3839 312 3885 quo
329 3828 357 3875 in
370 3829 496 3887 Evangelii
517 3828 588 3876 libris
608 3830 734 3887 apertast
760 3830 878 3877 annulum
889 3840 991 3876 aureum
1011 3827 1037 3874 in
1055 3826 1133 3885 digito
1143 3827 1304 3875 mortuibo-

208 3894 310 3942 evidens
320 3897 442 3943 sententia
453 3898 490 3944 est
502 3909 509 3942 ε
520 3899 625 3944 lisconio
633 3898 736 3955 plautium
760 3898 853 3956 minis,
871 3897 942 3955 cnjus
966 3895 1018 3943 illie
1038 3895 1187 3942 exanimum
1210 3909 1307 3957 eorpus

209 3965 287 4021 inorn3
299 3966 374 4013 omnis
382 3967 443 4011 ellim
454 3968 494 4025 qni
503 3966 579 4024 plodio
588 3967 733 4023 percusserit,
758 3965 865 4023 jaceret,
877 3964 979 4022 eurique
994 3974 1095 4010 avarum
1106 3961 1246 4012 sustulisse
1257 3977 1306 4012 nn·

213 4031 288 4092 padio
297 4031 400 4089 pericles.
410 4032 470 4090 Quis
482 4033 543 4080 latro
554 4031 732 4093 detestabilior,
760 4032 855 4080 nulum.
862 4033 909 4082 Sed
918 4045 973 4080 cum
984 4044 1011 4079 se
1022 4031 1053 4079 ml
1060 4033 1175 4091 pnslorcs
1184 4035 1307 4101 recepte-3
