2752 4814
324 419 633 463 DEINSTITUTIONE
647 417 932 471 vluuints,ninnn
948 414 1043 459 UNUS.
1088 449 1094 457 .
1179 386 1224 460 293

175 500 214 546 59.
226 500 292 557 Quid
302 502 384 548 autem
395 500 538 559 prejudicat
547 499 642 557 tilerias,
654 497 674 544 si
700 499 789 558 nutrio,
800 497 859 546 licet
872 498 931 545 alibi
948 496 1046 557 plenius
1061 495 1197 542 dixerimus
1204 495 1223 553 ⁶,

145 567 251 614 coeiestis
262 566 358 614 consilii
369 568 512 627 mysterium
526 566 616 626 ioseph
626 577 674 613 non
699 567 776 614 libare
795 579 860 614 nuuc
875 566 933 613 satis
952 565 990 612 est
1004 575 1100 611 causam
1119 564 1229 610 coeiestis.

144 633 280 694 intellexit,
288 637 314 683 et
322 635 418 695 putarit
427 627 547 695 virginem
554 647 603 682 non
612 642 674 694 esse,
699 635 822 694 mysterii3
839 636 868 682 ut
882 634 913 680 ab
930 634 969 681 his
984 632 1028 694 qui
1042 631 1141 678 Mariam
1156 631 1225 690 gravi

143 714 218 761 quam
235 704 400 764 praegnantem
418 702 675 751 viuerettnesurrec·
699 706 982 761 uterocemerent,uon
993 701 1140 749 adulterium
1150 702 1225 759 virgi·

144 771 238 818 tionem
250 775 303 832 ejus
314 773 401 832 Angeli
412 772 600 833 ignoraverunt,
610 770 675 832 quod
699 773 793 834 nitatis,
801 773 844 820 sed
852 771 1002 832 desponsata
1010 771 1093 830 partus
1100 769 1225 829 legitimus

145 841 282 899 significant
299 843 418 891 versiculi
444 855 452 888 r
473 844 556 891 Tollite
577 845 673 904 portos,
699 842 849 890 crederetur.
868 840 955 888 Maluit
970 838 1037 888 enim
1051 839 1168 885 Dominus
1179 837 1225 885 ali-

143 911 270 969 principes,
288 909 407 969 oestros⁴‚
419 914 442 960 rt
464 912 586 960 eteoomtoi
600 912 674 970 portoe
698 923 759 970 quos
767 911 797 957 de
804 923 847 957 sua
854 907 1099 969 generatione,quam
1105 906 1135 954 de
1141 905 1244 956 rnatris‘

143 979 275 1035 retornetis,
286 981 308 1026 et
326 980 432 1028 introibit
448 982 501 1028 tien
513 981 601 1040 qtorioe.
618 980 674 1041 Quis
698 978 791 1040 pudore
802 978 924 1026 dubitare.

143 1048 176 1093 est
192 1046 234 1093 iste
250 1048 302 1095 Reae
319 1047 419 1108 qtorioet
434 1048 587 1107 interrogant
604 1047 673 1106 quasi
727 1046 767 1095 t5.
780 1049 875 1096 Fratres
885 1048 969 1095 autem
980 1044 1233 1105 gentiaetgeneris,

144 1113 271 1174 ignorent3
282 1114 308 1163 et
319 1116 362 1162 alii
379 1115 530 1176 respondent
541 1129 547 1158 ι
558 1117 674 1164 Dumium
698 1116 784 1178 populi
801 1129 898 1176 quoque
921 1114 1068 1163 consortium
1088 1114 1225 1172 nuncupari

109 1223 114 1230 .
143 1183 211 1240 tortis
220 1186 243 1230 et
251 1187 348 1244 potens,
359 1187 476 1232 Dominus
488 1187 569 1243 potens
579 1186 604 1232 io
611 1197 675 1246 proe·
699 1186 770 1234 docet
778 1184 896 1233 Dominus
904 1185 970 1244 ipse,
979 1183 1022 1243 qui
1030 1182 1226 1230 dicitritorrobo

141 1252 245 1311 tio,ipse
254 1255 287 1300 est
296 1256 347 1300 Reor
355 1254 444 1312 qtorioe.
453 1251 607 1312 Etrepetivit
616 1254 674 1298 Pro-
698 1268 783 1302 nomen
802 1258 868 1304 tuom
886 1253 1000 1313 fratribus
1019 1250 1132 1299 rosario
1152 1251 1225 1297 medio

143 1319 219 1378 pheta
236 1320 336 1366 eosdem
351 1320 500 1378 versiculos,
510 1321 535 1367 et
550 1321 674 1367 nihilomi·
698 1324 806 1371 Deeteaioe
816 1322 916 1370 tondebo
926 1324 955 1368 te.
966 1319 1056 1367 Paulus
1063 1330 1162 1379 quoque
1174 1316 1225 1364 ait:

144 1399 191 1433 nus
201 1387 240 1432 illi
251 1387 322 1447 quasi
340 1387 479 1446 ignorantes
491 1388 582 1435 iterum
589 1389 674 1436 inter·
699 1392 812 1451 Optabam
821 1405 861 1452 eqo
870 1390 997 1438 anathemo
1005 1403 1051 1436 esse
1059 1401 1103 1448 pro
1112 1385 1225 1446 fratribus

144 1456 310 1514 rogaverunt3
330 1455 365 1504 sic
388 1456 456 1503 enim
476 1457 594 1517 scriptum
613 1458 672 1505 est:
697 1461 762 1507 meis.
781 1457 919 1506 Potuerunt
929 1457 1012 1504 autem
1022 1455 1110 1503 iratres
1125 1466 1178 1501 esse
1193 1466 1230 1506 euv

147 1525 226 1572 Tottr'te
236 1527 330 1585 portos,
341 1522 472 1587 principes,
482 1528 585 1582 vestros,
596 1527 618 1573 et
628 1527 674 1573 ete—
697 1528 802 1588 ioseph,
812 1540 861 1574 non
873 1541 905 1574 ex
916 1523 1001 1573 uaria.
1014 1522 1083 1583 Quod
1093 1523 1193 1583 quidem
1203 1523 1225 1569 si

128 1588 131 1592 ”
143 1592 231 1638 oomioi
243 1593 317 1651 portoe
332 1593 466 1649 oeternotes,
476 1594 499 1639 et
509 1593 612 1640 introibit
621 1596 673 1640 nee
697 1598 752 1657 quis
763 1595 906 1658 diligentius
918 1593 1093 1656 prosequatur,
1103 1592 1224 1641 inveniet.

145 1659 231 1717 qtorioe.
248 1660 305 1720 Quis
321 1661 354 1706 est
371 1660 413 1707 iste
430 1661 482 1706 Dee
500 1658 674 1719 qtoriaeiQuo-
696 1664 743 1714 Nos
761 1678 791 1712 ea
811 1663 980 1724 prosequenda
998 1673 1047 1708 uon
1067 1658 1225 1720 putavimus,

145 1727 215 1774 modo
232 1739 289 1787 ergo
300 1728 373 1776 homo
388 1727 470 1787 potuit
480 1727 592 1775 moinum
611 1729 672 1775 scire
697 1734 813 1794 quoniam
820 1732 956 1780 fraternum
964 1740 1055 1777 nomeu
1061 1728 1142 1788 liquet
1148 1725 1225 1788 pluri·

144 1797 280 1855 secretum,
297 1797 362 1855 quod
375 1795 464 1854 angeli
474 1794 635 1843 nesciebant?
645 1798 673 1842 nt
697 1802 742 1849 bus
750 1810 948 1848 essecommune.

145 1865 170 1909 in
180 1864 256 1910 Esaiae
264 1864 328 1910 libro
339 1864 433 1910 trabes:
446 1864 503 1925 Quia
518 1867 551 1911 eat
566 1865 623 1921 iste,
634 1866 675 1924 qui
726 1866 766 1914 to.
783 1870 820 1914 Aa
832 1879 890 1914 vero
901 1863 1022 1913 Dominus
1031 1863 1103 1910 iesus
1112 1874 1167 1910 eam
1177 1859 1225 1909 sihi

144 1933 276 1979 ‹rdocniteoe
291 1932 382 1991 Edom3
397 1931 470 1978 rubor
485 1924 674 1978 vestimentorum
697 1938 801 1984 matrem
822 1934 942 1994 eligeret,
962 1945 1017 1992 quae
1037 1931 1105 1978 virili
1131 1930 1226 1978 semino

144 1999 195 2054 titt
204 2012 242 2046 ’σω
259 1997 355 2047 Botor?
369 1999 399 2046 Et
416 1998 503 2058 utique
520 1999 604 2045 minut
622 2001 674 2046 erat
697 2006 779 2053 autam
786 2004 869 2062 posset
877 2000 997 2048 incestare
1006 1998 1225 2058 caelestemquasi

145 2066 269 2114 imminem
280 2066 447 2115 resurrexisse
455 2099 463 2127 ,
470 2078 543 2126 quam
553 2067 673 2126 virginem
698 2084 752 2120 eam
763 2071 804 2119 cui
815 2069 966 2130 impossibile
975 2067 1039 2116 esset
1047 2064 1174 2125 virginalis
1181 2079 1227 2126 pu·

144 2136 286 2195 parturisse.
299 2132 395 2184 Etenim
405 2137 457 2195 jam
471 2136 531 2184 ulia
544 2137 673 2197 precibus,
698 2140 763 2188 doris
768 2151 865 2188 servare
871 2134 1102 2194 custodiamiCujm
1111 2135 1226 2194 exempto

145 2205 225 2253 Etisaei
247 2205 399 2253 orationibus
423 2205 514 2252 mortui
532 2217 673 2253 resurrexe·
697 2211 791 2257 caeterae
806 2209 837 2255 ad
852 2204 1001 2264 integritatis
1016 2203 1124 2252 studium
1135 2215 1225 2263 provo·

144 2275 214 2321 rant:
225 2286 359 2335 numquam
369 2275 452 2324 autem
460 2275 532 2337 ante,
540 2287 672 2336 numquam
696 2279 794 2335 cantur,
806 2277 858 2336 ipsa
869 2275 900 2322 ab
918 2270 1057 2333 hujusmodi
1068 2272 1134 2333 quod
1144 2284 1189 2332 per
1197 2284 1224 2320 se

144 2345 228 2403 postea
237 2345 307 2403 virgo
317 2342 453 2404 generarit.
696 2344 792 2394 csetcns
802 2342 955 2406 propositum
970 2340 1048 2400 toret,
1059 2352 1162 2389 munere
1180 2338 1223 2389 do·

173 2412 212 2461 to.
224 2413 275 2460 Hoc
285 2412 368 2460 autem
377 2411 494 2472 opinatus
503 2411 541 2460 est
550 2411 673 2473 quodtra-
695 2413 783 2461 uiaret.

145 2483 248 2529 duceret
258 2493 314 2528 eam
323 2481 394 2540 quasi
405 2492 488 2540 ream,
499 2481 630 2538 autequam
642 2481 672 2526 alr
725 2480 766 2526 ta.
783 2480 813 2528 Et
827 2492 882 2540 quae
900 2479 979 2539 esset,
997 2477 1037 2526 eui
1056 2475 1135 2535 majus
1151 2489 1225 2537 quam

145 2549 238 2608 angelo
248 2549 390 2595 moneretur
402 2548 504 2608 :postea
511 2546 594 2595 autem
603 2548 672 2605 quasi
696 2547 768 2595 matri
791 2547 909 2594 Dominus
935 2545 1051 2593 meritum
1072 2543 1225 2604 reponeret,
1280 2584 1287 2590 .

145 2616 225 2663 tidelis
244 2629 291 2664 uec
313 2615 405 2663 dubius
424 2614 575 2677 virginitatis
596 2615 672 2675 ejus,
696 2613 825 2674 premium
837 2610 1065 2660 reservaretiNulti
1081 2611 1149 2657 euim
1162 2609 1225 2657 ube-

145 2684 253 2732 servavit
263 2684 398 2732 oracutum.
696 2684 760 2730 riora
768 2693 842 2742 quam
853 2679 991 2740 virginitati
1000 2678 1129 2739 deputavit
1139 2691 1226 2726 mune-

370 2780 431 2794 -
696 2763 736 2811 ra,
747 2751 811 2798 sicut
820 2747 946 2809 Scriptura
958 2760 1002 2799 nos
1013 2746 1093 2793 docet.
1105 2744 1145 2794 Sic
1157 2745 1225 2793 euim

304 2856 431 2910 CAPUT
457 2857 512 2908 Ἦ·
597 2921 599 2927 s
695 2813 1239 2948 annutututtttntt.tf.

144 2947 223 2989 miuus
230 2945 275 2984 aliis
282 2945 429 2984 duaburcirea
438 2945 535 2984 eamdem
543 2955 590 2983 rem
598 2944 673 2993 objec-
695 2959 751 3005 ΗΜ
760 2957 814 3004 dicu
823 2956 938 3003 Domina,
947 2952 1086 3014 spadonem
1095 2966 1104 2998 .·
1113 2953 1233 3012 Quicum.-

166 2999 672 3100 {inuitamentatuitus
696 3039 739 3085 ne
750 3021 1100 3081 caeterorummetum,
1112 3021 1135 3065 et
1152 3019 1225 3079 eteo-

166 3119 208 3146 non
217 3111 401 3156 perseveraturam
410 3106 516 3155 elegisset,
531 3107 598 3144 antei
611 3115 672 3154 prae·
695 3094 743 3140 rint
753 3105 805 3152 qttoe
815 3103 855 3152 eqo
866 3091 934 3148 tiolo,
945 3088 967 3136 et
978 3088 1144 3148 amplectentur
1156 3089 1224 3135 tetta·

167 3159 648 3208 tunsumvirginitarnmuneradeneqaaer.
694 3162 799 3209 mentum
816 3171 908 3218 menon
919 3157 979 3205 doto
989 3157 1035 3204 iilis
1053 3156 1078 3203 io
1089 3154 1157 3202 domo
1171 3168 1225 3202 meo

173 3239 213 3288 lii.
221 3243 272 3288 Nnc
282 3238 346 3287 illud
355 3239 466 3299 moreat,
475 3239 599 3300 quodait:
611 3240 672 3299 Quia
695 3233 716 3278 ct
725 3231 752 3277 io
761 3242 829 3276 muro
840 3240 891 3274 meo
902 3227 978 3273 locum
986 3225 1135 3271 nominatum
1146 3224 1225 3269 metio·

144 3311 228 3369 ioseph
235 3311 321 3368 occepit
328 3309 448 3366 coniuqem
456 3320 524 3354 soom
530 3338 539 3362 ,
550 3309 572 3352 et
579 3306 672 3365 prosec-
695 3311 745 3344 rem
755 3299 777 3342 et
789 3294 893 3353 fitiorum
903 3294 925 3339 et
934 3292 1054 3349 filiorum,
1064 3303 1148 3337 nornen
1157 3292 1225 3337 oeter-
1271 3356 1273 3363 Α
1363 3331 1365 3338 .

146 3383 182 3427 tus
198 3380 231 3424 est
248 3380 273 3423 io
287 3377 427 3434 AEqyptnm3
444 3373 588 3431 desponsata
606 3373 671 3418 euim
695 3377 753 3410 oum
770 3363 830 3410 <toto
848 3361 908 3418 tilio,
927 3361 949 3406 ct
966 3371 1015 3436 aon
1033 3358 1144 3415 daucum.
1163 3356 1225 3405 Aliis

146 3446 198 3490 viro
210 3441 318 3500 coniugis
325 3452 416 3488 nomen
424 3439 527 3498 accepit.
536 3440 596 3486 Cum
605 3440 672 3485 enirn
694 3425 1225 3489 promittitutnondeticranttmatremsuam

146 3511 257 3559 initiatur
267 3509 494 3568 conjugium,tunc
509 3507 616 3566 conjugii
627 3519 672 3554 no-
696 3496 801 3545 deficere
821 3491 977 3572 patiebatur}
998 3490 1051 3572 'Sed
1072 3503 1121 3570 non
1142 3489 1226 3569 teficlt

145 3592 203 3628 men
221 3578 376 3638 sucessum
395 3590 445 3625 non
461 3577 528 3626 enim
543 3576 671 3624 renotatio
695 3565 836 3642 Marianon
845 3559 1224 3620 aerecrtvrrgmnausmagistra

146 3646 294 3708 irmiricus
304 3645 362 3694 facit
372 3644 580 3704 coniugiumue
590 3645 671 3705 pacm
695 3645 741 3680 nee
752 3630 910 3691 resipuerat
920 3630 949 3677 ut
959 3642 1013 3708 quae
1022 3630 1103 3709 Deua}
1113 3626 1226 3687 portave-

145 3713 461 3777 conjugatisDeuiquecum
465 3712 576 3770 jungitur
581 3712 672 3772 puella,
696 3703 746 3761 rat,
755 3700 902 3778 portandum
910 3696 1223 3777 hominemarbrtrareturr

145 3785 285 3843 conjugium
296 3782 347 3840 est,
364 3793 414 3828 non
424 3793 481 3828 cum
498 3780 567 3829 virili
577 3781 673 3828 adm.
695 3783 743 3818 neo
752 3769 842 3829 ioseph
853 3766 979 3827 viriustus
990 3779 1017 3845 ru
1027 3764 1224 3844 iraneuproruprs·

145 3855 211 3902 tione
219 3850 383 3912 cognoscitur.
551 3882 554 3887 .
695 3840 733 3886 set
744 3838 889 3897 amentiam,
900 3837 929 3884 ut
942 3835 1017 3882 matri
1027 3835 1126 3884 Domini
1138 3843 1223 3890 corp&

173 3922 213 3968 ta.
225 3920 386 3980 prodentem
397 3917 445 3966 fuit
458 3917 602 3978 desponsata
613 3930 672 3965 cou-
695 3920 737 3956 reo
749 3906 882 3954 concubitu
891 3904 1046 3952 misceretur.

694 3997 1227 4022 .....-.......-..-.-.--

166 4055 176 4075 '
184 4054 249 4093 Hebr.
258 4054 344 4092 Attottits
359 4052 440 4102 portae.
453 4055 520 4103 capita
529 4056 602 4091 restra.
716 4051 725 4069 ⁸
733 4049 805 4095 Bepor.
815 4049 837 4086 tn
845 4046 919 4090 amm.
928 4044 966 4086 lin.
976 4047 994 4084 t.
1029 4020 1034 4028 ἱ
