2752 4814
307 411 351 458 ΒΕ
367 411 511 457 eunicus
529 409 782 463 minianenses,
800 409 900 457 LIBER
916 407 968 456 111.
1137 405 1182 454 eol

98 492 137 540 set
155 492 250 554 regios,
271 490 302 540 de
324 505 430 553 quorum
451 493 506 553 ipse
527 504 631 540 numero
656 489 1183 552 inferendamnecemindesectoquoereret,

100 560 177 621 toret,
196 561 388 622 susurrandum,
405 560 469 622 quod
480 560 561 620 palam
576 559 631 617 eius
656 559 778 620 ingressus
792 558 817 609 in
829 560 1183 627 castraregis2cumdormieu-

100 628 185 675 annuli
206 629 237 676 ad
255 628 362 689 palmam
382 627 559 685 conuerterat,
578 627 630 686 ipse
655 627 707 675 tem
717 628 872 691 attendisset,
893 644 943 679 non
961 630 1040 678 solum
1062 628 1116 688 ipse
1133 641 1183 676 nou

100 690 631 758 omnesridebatatqueanullovioenatur:
655 696 791 756 percussit,
807 698 851 746 sed
862 699 948 748 etiam
965 697 1091 761 protexit3
1110 709 1142 744 ne
1153 697 1184 744 ai)

100 766 190 813 deinde
199 779 254 813 cum
264 765 292 813 in
307 767 388 814 locum
400 779 472 814 suum
492 766 631 813 revocasset
655 765 737 825 aliquo
748 767 791 827 qui
804 767 877 816 simul
887 768 1010 828 ingressus
1017 767 1109 825 iuerat,
1118 764 1184 827 peri·

100 836 233 896 annulum,
245 834 414 883 videbaturalr
425 834 548 882 omnibus.
557 834 630 891 Cujus
655 836 772 882 meretur.
784 837 844 883 iiam
864 850 921 885 cum
933 837 1030 885 diceret
1041 837 1066 884 ei
1074 837 1182 884 thema:

101 903 178 950 solers
184 902 379 953 iaetnsmiraculi
387 937 394 963 ‚
401 903 536 963 perannuli
542 915 630 962 oppor-
656 905 772 953 conclusit
783 904 849 953 lodie
863 907 979 956 moinus
989 907 1109 954 immicum
1119 908 1184 952 tuum

99 971 324 1030 tunitatemreginee
335 973 418 1032 stupro
427 971 532 1033 potitus,
544 982 630 1018 necem
655 973 679 1018 iu
689 972 797 1021 menibus
806 975 867 1030 tuis,
886 977 909 1022 et
926 987 988 1021 auno
1005 975 1105 1020 meldam
1115 970 1184 1019 eum?

98 1040 254 1100 septiniani,
263 1041 406 1101 ceterisque
413 1040 631 1100 interemtis,quos
654 1043 786 1100 respoudit.-
797 1044 852 1090 lton
860 1056 983 1091 consumes
994 1055 1061 1099 eum,
1070 1043 1184 1102 querelem

99 1108 222 1156 necandos
243 1109 390 1168 putaverat,
409 1121 442 1156 ne
459 1108 506 1154 sihi
524 1108 630 1168 impedi·
655 1111 705 1168 quis
723 1111 809 1169 injiciet
827 1124 927 1158 menum
942 1124 1011 1158 sunm
1028 1114 1054 1157 ln
1072 1111 1184 1156 curetum

99 1177 185 1223 mento
195 1176 289 1236 terent,
309 1177 393 1237 Lydiae
412 1185 516 1235 regnum
527 1174 631 1236 adeptus
654 1179 763 1237 Domini,
773 1181 875 1239 etpurus
885 1178 984 1227 erit-tllt
1000 1177 1110 1225 addidit:
1121 1179 1185 1226 Vivit

100 1246 146 1292 est.
653 1245 769 1294 Dominus
776 1278 785 1303 ‚
808 1249 920 1306 quonium
938 1248 984 1295 uisi
1001 1247 1118 1294 Dominam
1128 1259 1184 1306 per-

129 1312 630 1376 5l‚Da,inquit‚hunc·annulumsapienti,
654 1315 749 1361 cesserit
759 1315 882 1373 illum,uut
892 1317 938 1364 aaut
946 1315 1006 1363 leorn
1017 1315 1184 1372 itlioeoenertl,

99 1378 256 1425 utbeneticio
268 1380 322 1437 ejus
331 1379 409 1438 possit
419 1380 510 1438 latere,
521 1392 577 1425 cum
586 1380 629 1426 de·
654 1383 680 1428 ut
700 1385 831 1441 morietur,
853 1388 895 1432 aut
912 1387 936 1432 te
946 1398 1025 1444 pupae
1040 1385 1182 1442 discesserit,

99 1447 203 1506 liquerit
214 1461 221 1493 a
234 1460 283 1495 non
302 1448 368 1495 enim
390 1447 471 1495 minus
481 1447 560 1507 fugiet
570 1461 630 1508 pec·
654 1453 675 1496 et
685 1456 817 1513 opponetur
827 1455 902 1515 nsilrl,·
914 1468 960 1502 non
970 1456 1000 1503 eil
1011 1469 1027 1500 n
1034 1455 1136 1501 Dorrom
1146 1455 1184 1500 iu-

100 1518 209 1563 catorum
219 1516 371 1576 contagium,
384 1518 483 1578 quamsi
495 1530 544 1563 non
554 1519 630 1576 possit
648 1520 721 1578 jicere
731 1535 828 1569 menum
836 1536 914 1571 meam
923 1527 948 1570 iu
957 1523 1069 1570 eluctatum
1077 1522 1182 1570 Domini.

99 1586 186 1632 latere.
199 1586 256 1633 Nou
267 1597 334 1632 uuam
346 1585 439 1632 latebra
456 1585 561 1644 sapienti
573 1598 628 1645 spes
683 1587 816 1651 sertaque
828 1604 876 1639 non
891 1589 1005 1652 permisit
1016 1589 1183 1650 nucariense,

98 1651 265 1712 impunitatis,
279 1654 322 1699 sed
336 1653 477 1700 innocentia
496 1654 542 1702 est.
553 1653 630 1700 Deni-
653 1656 697 1703 sed
706 1658 782 1705 solam
803 1659 915 1707 lanceam
926 1673 980 1720 quaa
991 1659 1046 1706 erat
1066 1658 1097 1706 ad
1109 1661 1184 1718 eaput

99 1733 147 1781 que
158 1723 252 1770 tecnon
262 1721 388 1781 justumne
398 1723 486 1781 injusto
492 1725 569 1783 posito
579 1725 612 1770 eol
619 1737 628 1783 ‚·
653 1721 725 1783 ejus,
744 1725 770 1772 et
793 1726 936 1774 lenticulam
962 1725 1070 1773 sustulit.
1097 1726 1184 1787 ltaque

99 1789 157 1849 quia
166 1790 247 1848 iustus
253 1791 334 1850 legem
344 1791 419 1838 habet
428 1792 518 1838 mentis
526 1804 592 1850 sum,
604 1792 629 1837 et
654 1791 832 1841 dormientibus
841 1793 950 1853 cunctis,
968 1805 1078 1851 egressus
1089 1792 1119 1839 de
1130 1806 1184 1841 cas-

99 1859 225 1918 aequitatis
243 1871 270 1905 ae
290 1858 394 1918 justitiae
419 1871 469 1907 suae
490 1871 626 1905 normam:
654 1857 699 1906 tris
718 1861 831 1907 transivit
849 1861 878 1907 in
899 1872 1017 1908 cacumen
1037 1859 1141 1918 montis,
1157 1861 1184 1919 et

101 1928 207 1989 ideoque
216 1940 264 1974 non
274 1928 369 1976 terrore
385 1940 466 1987 poenae
476 1928 630 1975 revocatura
655 1939 786 1986 coarguere
804 1928 880 1987 coepit
897 1928 1026 1987 stipatores
1044 1927 1137 1986 regios,
1158 1928 1183 1976 et

100 1998 187 2056 culpa,
202 1997 246 2044 sed
256 1996 492 2055 honestatisregula.
655 1996 779 2055 praecipue
801 1995 940 2055 principem
960 1995 1056 2041 miiitiae
1079 1995 1183 2054 abner,

130 2064 170 2111 52.
181 2067 242 2124 Ergo
250 2064 279 2111 nt
291 2064 321 2111 ad
329 2064 480 2124 propositum
491 2063 630 2122 redeamus,
653 2063 719 2122 quod
730 2076 884 2124 nequaquam
900 2063 971 2110 tidem
984 2062 1119 2110 custodiam
1121 2064 1183 2122 ,regi

101 2145 151 2180 non
169 2132 281 2180 iabulosa
301 2145 346 2194 pro
363 2134 443 2192 veris,
458 2132 503 2180 sed
517 2144 630 2192 eerapro
654 2133 679 2178 et
704 2132 804 2179 domino
831 2146 875 2182 suo
896 2132 1026 2180 adhiberet
1047 2145 1053 2177 :
1075 2131 1181 2192 deniquo

100 2200 218 2249 fabulosis
225 2202 339 2261 exempla
350 2201 482 2261 proferam.
490 2201 555 2260 Quid
563 2201 630 2247 enim
654 2198 844 2258 demonstraret,
862 2199 905 2246 ulai
923 2200 987 2247 esset
1002 2199 1086 2247 lancea
1102 2199 1180 2260 repis,

99 2269 163 2316 mihi
185 2281 247 2331 opus
271 2271 309 2318 est
326 2270 418 2331 fingere
437 2270 532 2317 hiatum
543 2270 628 2329 terre,
653 2267 694 2314 vel
713 2267 832 2317 lenticula
852 2281 906 2329 quae
923 2269 976 2315 erat
991 2267 1022 2314 ad
1033 2267 1106 2326 caput
1118 2269 1180 2324 eius.

100 2350 191 2398 equum
198 2351 292 2386 aeneum
300 2339 483 2398 ‚annulumque
490 2350 591 2386 aureum
602 2337 629 2384 in
653 2336 681 2381 at
692 2336 829 2396 appellatus
840 2349 853 2383 a
865 2349 923 2396 rege
934 2337 1045 2383 lanceam
1056 2335 1180 2384 reddidit:

99 2407 176 2468 digito
184 2408 295 2455 defuncti
304 2407 526 2468 repertum;cujus
544 2406 627 2453 aunuti
652 2403 825 2462 ornamento,
842 2403 937 2464 inquit,
965 2405 1072 2451 restituet
1089 2405 1183 2450 unicui-

99 2477 208 2524 tantasit
218 2476 629 2537 ris‚utproarbitriosuoqnieum
652 2485 695 2530 que
702 2471 806 2528 iustitias
823 2486 893 2528 acres,
911 2474 933 2518 et
950 2472 1092 2528 fidenrsuam
1105 2485 1112 2516 e
1123 2473 1182 2519 sicul

99 2543 132 2592 sit
143 2544 244 2591 indutus
265 2545 400 2600 annulum,
419 2542 549 2602 appareat,
572 2553 629 2586 cum
653 2541 748 2586 tradidit
759 2541 904 2586 tenemium
922 2541 947 2585 io
967 2551 1051 2584 moues
1072 2541 1181 2595 meaa‚ct

99 2613 247 2660 veiitacum
257 2612 341 2658 autem
351 2610 593 2669 nolit‚eeonspectu
603 2620 629 2656 se
654 2607 717 2653 uolut
733 2608 852 2654 uindicare
871 2619 944 2652 inaltet
962 2620 1015 2652 mee
1035 2605 1182 2653 iraelrrtatum
1225 2654 1233 2669 l

99 2680 260 2742 presentium
273 2679 414 2737 subtrahat,
425 2679 454 2725 ut
464 2690 570 2737 praesens
580 2689 629 2724 non
653 2676 757 2721 Domini.
776 2675 806 2720 Et
825 2686 880 2720 cum
892 2674 944 2721 haec
953 2673 1063 2729 diceret,
1078 2673 1183 2723 timebat

99 2746 383 2810 possitvideritltempe
402 2759 431 2795 eo
452 2745 535 2794 tendit
547 2745 629 2804 istud,
652 2744 735 2791 tamen
755 2744 856 2792 insidias
876 2744 944 2803 ejus,
966 2746 991 2790 et
1008 2742 1084 2802 tergit,
1097 2743 1182 2791 sedem

99 2817 182 2864 utrum
214 2816 324 2876 sapiens,
346 2815 443 2863 etiamsi
472 2815 519 2862 isto
544 2813 630 2861 utatur
653 2812 1183 2870 exsiliomutans.ltectamensalutemprm-

100 2887 206 2944 annulo,
218 2897 265 2944 quo
276 2884 353 2944 possit
368 2883 468 2946 propria
484 2882 577 2943 liagitia
588 2894 629 2929 ce-
653 2883 709 2930 tuiit
730 2883 895 2940 innocentiae,
917 2893 975 2928 cum
1002 2882 1053 2939 iam
1074 2880 1182 2928 secundo

99 2953 440 3013 lare,etregnumadsequi;
455 2952 550 2999 nolitne
569 2964 629 3010 pec·
654 2952 768 2999 facultate
789 2950 837 2998 sibi
860 2950 952 2997 tributa
972 2950 1038 3009 regis
1056 2949 1180 3008 saecundi,

100 3020 629 3083 carejetgraviusdueatsceleriscontagium
653 3020 770 3068 noluisset
780 3019 818 3066 uti
827 3018 961 3067 occasionis
976 3016 1097 3064 berreficio
1111 3030 1182 3078 :qum

99 3103 227 3150 poenarum
237 3090 413 3138 doloribus2an
424 3103 482 3139 vero
493 3102 536 3149 spe
546 3089 629 3148 impu·
653 3090 678 3137 et
696 3088 855 3137 securitatem
882 3086 968 3135 salutis
992 3085 1130 3145 metuenti,
1154 3087 1181 3135 et
1275 3122 1285 3137 .

100 3159 186 3206 nitatis
196 3160 278 3207 utatur
290 3159 320 3205 ad
331 3160 523 3218 perpetrandum
531 3157 628 3206 scelus?
653 3170 754 3218 regnum
764 3157 881 3205 otierebat
893 3156 984 3204 exsuli.

99 3226 301 3288 Quid‚inquam‚
314 3227 449 3287 mihiopus
465 3227 627 3285 estilgmento
681 3228 720 3274 55.
740 3226 787 3272 ilbi
806 3238 867 3286 opus
893 3225 941 3273 init
960 3219 1068 3272 iohanni
1097 3225 1181 3284 Gygen

100 3298 199 3358 annuli,
219 3310 274 3344 cum
294 3297 385 3357 possim
403 3297 492 3344 docere
511 3309 544 3344 ex
555 3297 629 3344 rebus
653 3298 757 3355 annulo,
790 3295 874 3356 quisi
894 3296 1024 3352 tacuisset,
1044 3307 1095 3341 non
1116 3297 1181 3342 esset

100 3365 175 3423 gestis
195 3365 260 3425 qnod
277 3365 318 3412 vir
339 3364 436 3423 sapiens
458 3376 514 3412 cum
533 3364 580 3410 sihi
603 3366 628 3411 in
652 3366 746 3412 occisus
766 3364 796 3410 alr
813 3362 925 3410 lierodet
945 3363 1062 3409 Praestare
1084 3362 1130 3409 laoe
1144 3360 1181 3409 illi

99 3434 200 3493 peceato
208 3446 258 3480 non
268 3434 346 3481 solum
355 3433 479 3480 latendum
487 3465 495 3491 ‚
503 3432 629 3480 sedetiam
654 3432 734 3491 potuit
745 3430 872 3478 silentium
880 3442 965 3489 snum,
979 3432 1007 3476 ut
1019 3428 1044 3474 et
1054 3428 1183 3476 rideretur

100 3501 363 3561 regnandumvideret‚
375 3502 630 3563 sipeeeatumadmit·
653 3503 678 3548 et
695 3513 745 3549 non
766 3498 935 3547 occideretur:
955 3497 1065 3557 sedquia
1078 3508 1127 3542 non
1139 3509 1179 3543 so·

100 3571 182 3629 teret3
192 3571 277 3616 eontm
293 3571 377 3618 autem
394 3573 534 3632 pericnlum
542 3571 628 3619 salutis
653 3573 703 3617 lum
721 3581 823 3630 peceare
841 3582 868 3616 se
888 3568 987 3628 propter
997 3565 1085 3614 salutis
1097 3562 1182 3612 deten-

100 3638 228 3698 cerneret,
237 3638 259 3687 si
270 3638 406 3686 declinaret
422 3639 559 3700 flagitium
577 3641 630 3687 ele·
652 3639 745 3684 sionem
757 3647 843 3695 passus
853 3635 962 3691 nonest,
976 3632 1018 3680 sed
1027 3644 1058 3677 ne
1070 3630 1181 3679 alienum

99 3708 629 3771 gerlttamenmassissalutispericulum‚nt
653 3703 754 3764 quidem
777 3700 908 3763 peccatum
937 3701 1001 3749 terre
1033 3711 1061 3745 ae
1080 3697 1181 3758 perpeti

18 3788 21 3795 '
99 3777 199 3827 vacaret
219 3775 328 3837 flagitio,
344 3788 418 3836 quam
435 3775 558 3837 flagitium
578 3789 627 3838 quo
655 3771 747 3830 potuit;
760 3772 815 3818 ideo
826 3769 853 3816 in
864 3782 890 3817 se
901 3781 997 3817 causam
1008 3768 1077 3815 necis
1088 3767 1181 3814 excita·
1207 3792 1209 3797 ,

99 3846 147 3895 sibi
156 3858 259 3906 regnum
270 3843 385 3905 pararet?
653 3839 699 3889 vit.
720 3839 790 3886 Certe
800 3839 845 3887 lroc
861 3849 950 3898 negare
961 3849 1010 3884 non
1021 3835 1122 3896 possunt
1138 3848 1182 3894 po·

124 3916 169 3962 ·55.
191 3914 303 3974 Denique
321 3912 400 3960 David
421 3924 477 3960 cum
499 3912 594 3972 lugeret
616 3923 628 3958 a
653 3906 728 3974 tuisse
740 3905 794 3953 lieri
804 3904 833 3952 ut
843 3904 950 3963 moeret,
963 3903 1007 3965 qui
1017 3903 1048 3950 de
1059 3902 1102 3949 illo
1113 3903 1180 3962 Gyge

100 3981 163 4032 iacio
182 3983 247 4043 regis
267 3981 337 4041 Saul,
350 3981 415 4042 quod
435 3983 493 4028 edin
512 3993 557 4029 rex
574 3993 630 4029 cum
653 3977 743 4037 negant
754 3975 864 4036 potuisse
875 3973 929 4021 lieri
940 3974 968 4022 ut
987 3972 1072 4023 annuli
1087 3972 1182 4020 benefi-

100 4050 179 4099 uinus
198 4049 309 4098 millibus
330 4049 439 4097 virorum
450 4048 585 4097 electorum
597 4047 628 4096 ad
654 4047 692 4095 cio
705 4043 914 4093 absconderetur.-
