2760 4808
212 393 259 443 550
620 391 741 438 strich
755 392 915 439 Aunnosll

213 479 294 526 timer
310 478 331 524 et
346 477 432 524 tremor
441 469 559 523 'renuunt
568 487 638 535 super
648 488 698 531 me,
716 478 738 523 et
793 474 832 524 ts.
848 475 1080 537 lleumpeeeatum,
1094 472 1293 535 meainiquites,

210 543 739 602 wnkoemutmeteurbroe.Abyesuecireum·
763 542 1295 603 nonsuntsimillaoiiensislrominum;qula

209 613 268 661 dedit
279 625 324 669 me,
340 614 456 672 postremo
465 612 572 659 &merui
582 612 652 671 eaput
662 623 738 658 mrum
764 609 877 670 impietas
895 611 941 658 est.
960 611 1062 659 carnem
1072 609 1184 669 pollicita
1194 621 1294 658 servare

209 682 235 726 iu
244 681 356 728 summus
368 680 506 727 lateritium.⁴
763 679 900 737 vireium,
918 681 945 727 et
962 679 1101 726 castitatem
1118 676 1229 738 professe
1247 689 1296 736 pu-

238 743 278 793 tli.
292 742 347 794 lieu
358 759 413 807 me,
425 745 555 807 quialrete
563 756 618 794 sum
627 743 739 792 sieuise-
763 746 843 807 bliee,
854 748 958 796 mentita
969 761 1024 796 sum
1034 747 1153 806 Domino3
1170 745 1228 793 ideo
1243 754 1294 792 non

208 812 295 874 doma,
316 815 342 862 et
363 815 490 863 combusta
509 813 574 862 sieut
591 812 739 872 Gomorrha,
764 817 800 864 est
818 816 882 865 mllrl
900 817 990 865 fidutia
1011 815 1140 866 invocandi
1160 815 1294 880 Dominum
1333 839 1340 849 -

207 882 539 943 quismiserabitureineres
549 882 634 931 meosi
646 882 739 930 Durius
764 885 923 945 altissimum,
948 885 1006 946 quia
1029 884 1184 933 obstructum
1208 883 1247 930 est
1266 893 1296 928 os

208 952 384 1013 offendiquam
399 953 589 1013 Sodoma3quia
603 952 738 1010 illnleqem
764 953 970 1014 delinquentium.
999 955 1059 1001 liam
1084 964 1170 999 meum
1193 947 1293 998 'malum

209 1021 323 1071 nesciens
330 1021 477 1082 deliquerat,
485 1035 530 1082 eqo
538 1022 630 1081 autem,
639 1020 738 1079 arrepta
762 1021 884 1079 Propheta
895 1021 999 1079 cecinit,
1009 1020 1075 1080 quod
1085 1019 1129 1079 qni
1140 1018 1293 1075 elongantes

209 1089 297 1148 gratia,
308 1091 407 1150 peccari
416 1090 527 1137 Domino.
537 1089 561 1136 Si
570 1090 642 1137 homo
651 1087 739 1148 peeeet
763 1100 777 1134 a
788 1090 852 1148 Deo,
863 1090 999 1149 peribunt:
1011 1087 1131 1148 disperdit
1138 1097 1239 1134 omnem
1246 1086 1293 1136 ior·

210 1155 382 1216 inhominem,
394 1157 443 1205 erit
451 1157 496 1216 'qui
511 1156 661 1204 interveniat
673 1169 680 1200 a
694 1166 738 1214 ego
763 1157 886 1207 nieantom
898 1169 912 1204 a
923 1171 958 1206 ss.
970 1159 1000 1206 st
1010 1157 1102 1205 iterum
1111 1169 1121 1202 r
1131 1155 1237 1205 Adiroerit
1247 1155 1294 1202 lin·

208 1227 347 1284 peccarim
358 1228 499 1286 Dominum,
507 1239 583 1288 quem
593 1226 738 1286 propitiato-
763 1238 810 1284 pue
819 1239 873 1272 rree
888 1225 996 1284 [areidae
1008 1227 1081 1282 meis,
1095 1225 1161 1274 erte
1176 1223 1293 1283 marin

208 1305 262 1341 rem
279 1293 421 1342 inveniami
440 1295 546 1354 concepi
568 1293 696 1352 dolorem,
713 1292 739 1340 et
762 1295 844 1341 mortis
854 1292 973 1341 deductus
982 1305 1045 1341 sum.

209 1364 296 1421 peperi
311 1359 469 1424 iniquitatem
486 1377 494 1410 r
510 1365 591 1410 laeum
609 1362 695 1422 aperui
712 1361 739 1409 et
791 1358 832 1407 1⁸9.
843 1361 1019 1409 verumtamen
1033 1359 1146 1409 elamabo
1162 1359 1195 1405 ad
1209 1356 1294 1404 Domi-

209 1430 282 1477 oiiodi
293 1443 367 1491 eum,
383 1433 409 1481 et
421 1432 497 1479 lucidi
512 1432 540 1478 in
557 1429 652 1477 foueam
663 1441 737 1488 quem
762 1438 900 1487 num,eum
906 1429 985 1477 adlrue
993 1427 1215 1488 tempusest,dum
1221 1426 1294 1474 datur

208 1499 309 1556 operata
323 1510 388 1546 sum.
404 1499 462 1546 ldeo
473 1510 604 1546 conversus
614 1498 652 1545 est
669 1496 738 1544 dolor
762 1497 883 1556 spatium
894 1497 953 1556 quia
963 1497 991 1543 in
998 1497 1076 1545 morie
1087 1507 1137 1542 non
1148 1495 1188 1542 est
1198 1505 1291 1541 memo-

208 1576 279 1611 meus
297 1565 323 1611 in
335 1566 409 1624 eaput
419 1578 519 1624 meum,
538 1565 564 1612 et
579 1564 606 1610 in
618 1563 737 1611 uerticem
762 1565 816 1624 ria,
834 1565 860 1612 et
877 1565 904 1612 in
920 1566 1017 1613 interno
1035 1576 1085 1612 non
1101 1564 1140 1612 est
1162 1560 1292 1610 confessio.

207 1642 291 1678 meum
300 1631 417 1691 iniquitas
423 1644 478 1678 mea
485 1629 622 1680 deseendit.
631 1631 738 1679 Immun-
762 1635 874 1691 Domine,
886 1647 915 1681 ue
925 1636 949 1682 in
956 1635 996 1682 iro
1006 1636 1048 1681 tue
1057 1645 1147 1692 arquos
1154 1645 1210 1687 rue,
1221 1642 1295 1689 neque

208 1697 269 1747 ditia
283 1711 339 1746 mea
354 1700 411 1746 ente
426 1698 503 1760 pedes
520 1711 588 1748 meos
608 1711 615 1745 r
635 1710 686 1747 uon
700 1698 738 1746 lui
762 1702 928 1760 interneciuo
939 1703 1052 1762 corripior
1061 1714 1107 1748 rue.
1120 1700 1239 1760 Quouiera
1253 1711 1292 1746 ru-

207 1778 303 1814 memor
318 1767 520 1827 novissimorum,
535 1766 561 1815 et
575 1765 655 1816 cecidi
664 1765 739 1814 miss·
763 1772 824 1830 pittoe
834 1773 880 1818 tue
891 1772 971 1831 inrieoe
982 1773 1036 1819 sunt
1047 1769 1122 1826 nuti,
1132 1781 1176 1815 nee
1186 1771 1220 1816 est
1229 1768 1292 1815 seui·

208 1834 332 1884 rabiliter.
621 1887 628 1897 Ι
763 1840 799 1886 tae
813 1841 839 1885 iu
853 1851 924 1887 earne
933 1839 1089 1887 meoeoultu
1100 1837 1202 1884 iroetuce
1222 1847 1292 1881 :uon

237 1900 334 1952 idllou
342 1905 428 1965 estqui
435 1904 628 1953 consoleturme.
636 1904 739 1963 uquam
762 1909 796 1952 eut
809 1921 860 1967 pou
871 1907 958 1956 euriae
968 1908 1025 1956 raus
1036 1921 1052 1953 a
1067 1907 1127 1964 {urie
1141 1906 1290 1964 metatorum

208 1975 312 2021 acerbus
319 1974 412 2021 fruetus
422 1973 543 2021 luxuriae?
553 1972 662 2020 llmarior
669 1971 738 2028 telle,
763 1987 876 2024 meorum.
885 1977 1001 2035 Quoniam
1010 1974 1144 2033 iniquitates
1149 1984 1209 2019 nreoe
1216 1984 1291 2030 ruper-

209 2041 332 2088 crudelior
339 2041 559 2101 gladio.Quomodo
574 2041 638 2087 laeta
648 2052 701 2086 sum
712 2040 738 2085 in
760 2046 888 2101 parauerunt
908 2044 978 2103 eaput
998 2054 1090 2099 meum,
1112 2043 1134 2087 et
1155 2041 1216 2089 sieut
1235 2051 1292 2086 onus

208 2107 491 2156 desolationemisubito
497 2108 586 2166 deieci,
594 2107 659 2168 perii
665 2118 740 2166 prop-
763 2123 831 2168 prere
839 2113 941 2170 proruto
948 2113 1002 2158 suut
1009 2122 1077 2169 super
1084 2122 1131 2156 me.
1141 2109 1291 2167 computrue·

207 2174 248 2221 ter
265 2175 423 2234 iniquitatem
443 2188 525 2222 meam
539 2175 636 2223 reluta
654 2186 738 2221 somno
762 2182 819 2226 rent
828 2183 851 2226 et
861 2181 1058 2227 deterioraverant
1067 2179 1188 2226 cicatrices
1199 2189 1264 2232 mee,
1275 2189 1291 2222 o

208 2243 455 2300 exsurgens31deoin
465 2242 566 2289 civitate
577 2242 675 2288 Domini
683 2242 739 2288 nul·
762 2249 961 2311 saeieinrtpieulioe
966 2260 1030 2296 mem.
1036 2249 1135 2295 Mr'rrrit'e
1143 2245 1292 2293 afflictatum

206 2308 296 2356 liiieata
307 2311 344 2356 est
359 2310 438 2368 imago
453 2322 517 2356 mea.
529 2309 645 2356 Deletum
656 2311 694 2357 est
707 2309 738 2356 de
762 2318 783 2362 et
791 2318 968 2376 currataueque
977 2318 1092 2375 intineris,
1102 2315 1173 2374 ruqio
1184 2327 1200 2360 o
1209 2314 1291 2373 oemilu

139 2428 143 2433 ,
206 2377 429 2426 librovitaeuomen
440 2390 534 2437 meum,
542 2377 605 2425 laeta
613 2377 738 2425 sumsieut
762 2385 836 2431 cordia
846 2385 900 2430 mei.
912 2386 959 2432 cor
967 2397 1043 2431 meum
1055 2383 1178 2431 turbulam
1186 2384 1219 2428 esi
1228 2381 1289 2426 iutra

206 2446 296 2494 noctua
306 2446 333 2492 in
341 2446 474 2504 domicilio,
485 2446 549 2494 sieut
557 2458 640 2506 passer
650 2445 739 2492 uniens
761 2462 811 2506 me,
828 2451 949 2510 dereliquit
958 2465 995 2499 rue
1004 2453 1079 2498 virtus
1090 2463 1145 2497 urea
1151 2480 1160 2506 ,
1179 2452 1201 2497 ei
1215 2449 1291 2496 tomen

207 2515 235 2564 in
247 2516 350 2565 aedilicio
359 2530 366 2564 a
375 2529 424 2565 non
435 2517 527 2576 estqui
538 2516 678 2564 consoletur
687 2526 737 2562 me.
762 2519 880 2565 oculorum
888 2532 994 2566 meorum
1002 2532 1049 2565 uon
1057 2521 1089 2566 ert
1100 2530 1203 2564 raecum.
1216 2516 1287 2572 Deus,

119 2621 121 2628 Α
207 2585 361 2633 consideres
373 2585 480 2645 dextris,
500 2586 525 2632 et
540 2585 613 2633 video
624 2584 738 2644 quianon
761 2587 874 2645 repulisti
885 2599 940 2644 me,
952 2587 977 2634 et
985 2585 1131 2634 destruxisti
1140 2597 1181 2631 me
1191 2618 1199 2643 ,
1210 2586 1289 2630 osten-

208 2658 246 2702 est
262 2655 305 2713 qui
316 2656 429 2714 agnoscat
439 2667 488 2702 me.
507 2657 581 2703 Periit
592 2656 649 2714 [uqa
658 2668 674 2700 a
685 2666 737 2711 me,
761 2654 819 2700 disti
828 2655 890 2702 mihi
903 2656 976 2713 dura,
992 2654 1081 2714 potasti
1098 2666 1140 2702 me
1155 2654 1215 2700 rino
1226 2665 1289 2699 com-

105 2717 112 2743 ⁵
208 2727 230 2770 et
244 2737 293 2770 nou
307 2727 340 2771 est
355 2726 397 2783 qui
409 2726 514 2783 requirat
527 2725 634 2770 animum
649 2735 736 2769 meum.
761 2722 1289 2782 punctionis:expulsasumaboculistuis,

171 2787 176 2793 ’
207 2792 279 2838 Facta
291 2803 345 2838 sum
360 2792 424 2838 sicut
439 2803 482 2839 ras
496 2791 637 2849 perditum,
653 2790 737 2838 audivi
758 2791 809 2847 jam
820 2805 869 2839 non
880 2793 995 2850 adjiciam
1008 2791 1036 2838 ut
1046 2803 1176 2850 resurgam
1188 2792 1219 2838 ad
1229 2792 1289 2837 tem-

207 2860 414 2919 vituperationem
421 2860 530 2907 omnium
542 2860 607 2906 cirea
616 2871 656 2906 me
667 2860 737 2906 habi·
760 2860 828 2917 plum
842 2861 955 2907 sanctum
970 2861 1056 2918 tuum,
1073 2861 1099 2908 et
1115 2859 1181 2907 laeta
1191 2871 1246 2915 sum
1263 2856 1295 2903 in¹

206 2928 321 2975 tantium.
334 2929 376 2975 Vae
387 2929 436 2975 diei
448 2928 486 2974 illi
498 2928 524 2973 in
534 2941 583 2987 quo
594 2941 634 2974 me
648 2928 737 2975 infelix
760 2929 919 2989 exterminio.

206 2996 293 3052 genuit
300 2997 388 3053 mater,
399 2997 425 3044 et
435 2998 479 3043 lux
489 2996 535 3043 ista
543 2998 651 3044 erudelis
662 3009 737 3044 exeo·
789 2996 829 3042 50.
841 2998 897 3056 Quo
908 2999 997 3045 utiliter
1009 2999 1035 3044 iu
1046 2999 1160 3057 sanquine
1171 2999 1225 3054 tuo,
1236 2996 1288 3042 duur

206 3061 256 3119 pitt
272 3061 417 3118 Oportuerat
432 3077 472 3110 me
482 3076 532 3110 nou
546 3064 623 3112 luisse
637 3067 735 3124 natam,
759 3063 862 3109 dseerrdi
869 3066 895 3110 iu
902 3064 1089 3124 coemptionem?
1101 3066 1221 3124 Numquid
1228 3076 1289 3109 mor-

205 3139 279 3187 quarn
299 3127 335 3173 sie
354 3129 381 3174 in
402 3129 516 3186 gentibus
537 3131 619 3178 tabula
640 3131 734 3178 flerem.
759 3131 803 3176 tuis
814 3131 885 3188 sudes
897 3134 1030 3190 mirabilia,
1048 3136 1089 3180 aut
1100 3134 1185 3180 medici
1195 3133 1288 3180 uescitu-

204 3195 735 3255 l’roptermeconfusiolactaestomnibusla-
759 3196 1288 3261 dunt?Tuussermoest,tuapromissioest:

205 3264 279 3311 mulis
288 3264 492 3326 Domini,eteum
501 3267 575 3326 digne
586 3269 732 3316 colentibus.
758 3266 1287 3328 Nolomortempeeeetoris,sedeonrereioueru

229 3328 269 3390 ti,
275 3333 366 3393 lugete
374 3348 414 3383 me
423 3338 518 3383 montes
526 3337 552 3384 et
560 3338 644 3395 eolles,
652 3338 734 3398 lugete
758 3338 780 3382 et
789 3338 852 3384 uiuat
863 3352 872 3384 .·
883 3337 914 3383 ad
928 3337 969 3395 te,
979 3338 1045 3385 Deus
1056 3350 1144 3398 meus,
1160 3350 1216 3384 mea
1231 3348 1289 3383 eon-

205 3413 246 3449 me
260 3401 340 3450 lontes
355 3403 381 3451 et
391 3404 508 3463 llumina3
526 3405 584 3464 quia
595 3404 669 3452 lletus
683 3406 734 3452 iilia
759 3403 852 3464 versio;
869 3404 927 3464 quia
943 3406 1008 3452 solue
1024 3405 1093 3464 potes
1104 3417 1225 3453 renovare
1236 3416 1290 3450 om-

206 3481 250 3528 ero
263 3483 327 3516 sum.
343 3472 436 3531 Lugete
447 3485 487 3521 me
499 3473 585 3522 nestra
599 3474 734 3533 silvarum,
759 3472 814 3530 nia,
826 3473 851 3519 et
861 3472 892 3518 alr
906 3472 993 3519 inieris
1011 3472 1106 3520 animas
1122 3485 1233 3520 revocas.
1252 3472 1288 3517 Tu

206 3538 303 3596 reptilia
314 3540 399 3598 terrae,
410 3541 435 3587 et
442 3541 555 3588 volucres
563 3542 635 3599 eoeli,
647 3543 672 3589 et
680 3555 734 3589 om·
758 3539 832 3587 solvis
839 3541 989 3600 compeditos
997 3554 1004 3586 a
1013 3541 1050 3599 tu,
1060 3541 1140 3602 Deus,
1148 3541 1230 3587 allisos
1239 3540 1287 3586 eri·

205 3605 245 3653 nis
263 3606 344 3654 anima
360 3620 415 3668 quae
432 3607 485 3659 vita
503 3607 601 3656 frueris.
620 3611 680 3656 Nam
692 3623 734 3658 vos
758 3608 807 3668 gis,
819 3621 895 3656 caecos
906 3609 1045 3667 illuminas,
1055 3611 1166 3656 mortuos
1177 3608 1289 3667 suscitas.

205 3673 283 3721 heatae
294 3674 352 3722 terae
367 3674 392 3723 et
403 3676 529 3735 volueres,
546 3677 636 3737 quihus
651 3680 734 3727 nullus
787 3679 826 3726 tl.
843 3680 931 3726 Emori
939 3680 997 3725 siout
1010 3679 1057 3726 oris
1066 3680 1160 3737 perdita
1171 3692 1180 3724 a
1191 3676 1288 3737 require

205 3742 319 3789 metusde
327 3743 501 3802 inierisneque
509 3747 735 3804 postmortemred-
758 3747 874 3794 famulam
884 3747 966 3804 tuam,
980 3758 1012 3792 ne
1027 3746 1100 3805 lupus
1112 3745 1222 3793 crudelis
1233 3746 1286 3803 glu-

205 3807 284 3853 denda
298 3812 336 3858 est
350 3811 438 3859 ratio:
454 3813 481 3859 in
498 3825 543 3860 nos
558 3814 641 3861 manet
660 3827 733 3873 poena
758 3815 803 3862 tiat
813 3827 862 3862 me.
879 3815 947 3861 Multi
956 3815 1033 3860 dicunt
1044 3815 1132 3860 antero»
1147 3827 1207 3861 rneoe
1218 3815 1289 3861 :Nou

205 3874 311 3923 crudelis
329 3879 428 3939 tartari,
455 3881 512 3940 quia
532 3882 654 3929 habentes
676 3895 733 3930 sen·
758 3888 790 3931 est
802 3887 865 3932 solus
880 3885 915 3930 illi
925 3884 950 3930 iu
961 3885 1010 3930 Deo
1019 3882 1078 3940 ejrus.
1086 3881 1141 3928 Sed
1149 3882 1221 3928 tuum
1233 3875 1290 3928 eon·

205 3951 272 3996 Sum,
290 3942 468 4018 delinquimus3
490 3949 546 3996 ideo
562 3961 611 3997 non
627 3950 664 3997 est
683 3962 733 4008 pax
758 3952 841 3998 silium
849 3953 932 3998 tecum
941 3951 985 3997 est.
993 3951 1057 4008 Quot
1065 3951 1183 4000 suntdies
1193 3950 1290 3996 lamulae

205 4007 382 4070 Ρθῦθίὶῒθῐώῑῑθ·
485 4058 488 4064 ,
759 4019 821 4079 tuae,
839 4019 936 4079 quando
953 4018 1027 4066 iacies
1042 4031 1138 4066 rneeum
1155 4017 1291 4076 iudicium?
