2752 4814
318 387 497 432 expostulo
513 389 547 431 iri
566 387 804 445 Luculentum
822 388 979 444 Quintus·
1173 385 1189 434 δ

110 472 186 517 laeua
198 471 313 530 est,quia
330 471 458 529 plenitudo
468 471 539 531 Legis
554 471 636 519 Cirris·
661 471 761 529 spiritus
776 472 873 518 nonnisi
887 471 991 529 jejuniis
1003 468 1027 515 et
1039 468 1190 517 orationibus

108 539 201 586 tusest.
211 541 240 586 ut
251 539 307 586 ideo
319 540 365 587 etsi
373 541 411 587 est
419 540 445 586 iu
454 541 517 599 Lege
525 539 635 599 justitia,
661 537 990 598 soleresuperariibonique
999 535 1074 582 etiam
1083 535 1188 582 hocloco

108 618 157 653 uon
168 607 206 654 est
217 608 299 656 tamen
316 621 360 667 per
375 610 464 668 Legem
481 608 597 667 justitia:
611 611 638 656 Si
658 607 780 666 jejunium
788 600 1188 663 vestimentumappellaviivetu's,

106 676 170 722 enim
186 691 229 736 per
245 679 441 736 Lepemiustilic,
457 691 511 738 erpo
530 679 636 726 cbristus
661 676 726 734 quod
748 675 889 723 exuendum
910 674 1037 733 Apostolus
1059 671 1190 718 aestimarit

108 746 181 802 protis
200 748 305 793 mortuns
326 749 372 806 θείς
392 746 502 793 mortuus
517 746 553 793 est
569 747 636 793 euim
662 744 746 790 diceus
758 757 764 788 :
777 741 915 802 Exspoliate
929 754 971 788 ros
986 741 1097 789 veterem
1108 736 1203 801 homi-¹

107 810 635 875 Cirristus,utimpleretjustitiaru.Denique
661 824 718 858 uem
729 824 785 860 cum
795 811 889 858 actibus
905 810 971 868 oius3
984 810 1009 857 et
1025 807 1120 854 induite
1132 819 1189 854 eum

30 888 36 895 ’
107 878 211 927 iohanni
229 883 323 930 dicenti
336 896 343 928 s
355 886 406 944 Epo
417 887 463 931 oie
475 885 542 930 debeo
561 885 636 944 bapti·
661 881 704 938 qui
718 880 870 940 baptismatis
885 878 1075 927 sanctificatione
1085 887 1190 924 renova-

106 951 409 1009 zon',ettauenisndme,
426 951 552 1012 respondit
564 965 570 998 τ
583 955 636 1000 stne
661 952 710 998 tur.
727 951 754 996 lu
769 949 880 996 eamdem
898 948 972 1008 igitur
992 947 1094 993 formam
1113 944 1191 992 series

106 1019 187 1078 mod03
198 1020 230 1066 sie
238 1021 301 1066 enim
311 1021 372 1067 decet
382 1033 424 1068 nos
439 1022 534 1080 implere
545 1033 636 1068 omnem
661 1019 776 1068 convenit
783 1018 975 1077 praeceptorum,
984 1027 1015 1062 ue
1024 1016 1091 1062 aetus
1099 1012 1190 1061 veteris

103 1085 228 1142 iustitiam.
239 1090 300 1148 Ergo
311 1100 360 1135 nou
370 1089 444 1148 gnatis
454 1090 565 1137 mortuus
575 1103 582 1136 a
593 1089 636 1137 sed
661 1089 687 1134 et
702 1088 759 1136 novi
775 1088 882 1134 hominis
899 1085 1057 1142 misceamus3
1074 1095 1129 1131 cum
1146 1082 1202 1136 illo¹

106 1167 151 1215 pro
162 1156 232 1203 nobis
239 1158 351 1205 mortuus
361 1159 398 1205 est
406 1158 528 1218 Christus3
539 1160 567 1207 ut
574 1159 634 1217 justi
661 1158 793 1217 corporalis
806 1157 915 1203 exterior
925 1165 999 1214 opera
1013 1153 1092 1200 carnis
1102 1163 1190 1212 opere·

106 1221 229 1284 fulgerent
244 1225 359 1272 sieutsol
369 1225 396 1273 iu
413 1239 487 1284 reguo
497 1227 575 1273 Patris
587 1227 634 1274 sui.
661 1225 709 1285 tur,
722 1226 747 1272 et
757 1225 798 1271 hie
810 1225 913 1270 interior
923 1221 966 1282 qui
977 1219 1128 1277 renascitur,
1139 1229 1190 1264 nou

105 1291 155 1339 Sed
171 1305 221 1340 non
237 1293 315 1339 ludaei
332 1293 407 1352 justi,
422 1293 511 1352 quihus
526 1295 634 1342 dicitur:
661 1292 834 1339 versicoloram
854 1291 962 1349 speciem
979 1289 1093 1335 veterum
1112 1298 1191 1335 novo·

53 1379 61 1386 s
106 1361 167 1407 Cant
183 1362 284 1409 videritis
298 1362 374 1419 instas
389 1363 478 1409 introrc
497 1365 522 1409 in
538 1377 636 1423 repnarn
660 1373 764 1421 rumque
780 1360 871 1407 debeat
886 1359 978 1405 habere
994 1356 1135 1416 gestorum,
1146 1356 1191 1404 sed

107 1428 226 1474 coetosnm.
242 1427 285 1474 lsti
300 1429 357 1475 suut
368 1426 427 1485 justi
437 1429 480 1488 qui
493 1431 636 1488 perculien-
661 1430 773 1476 concolor
794 1428 888 1475 Christo
906 1427 977 1472 illum
999 1424 1079 1472 studio
1099 1423 1191 1471 mentis

89 1493 94 1500 '
106 1496 159 1542 tem
176 1508 224 1543 non
242 1495 428 1557 repercutiunt,
446 1497 489 1557 qui
507 1498 635 1547 inimicum
660 1497 766 1556 imitari,
777 1497 818 1545 cui
829 1496 929 1544 renatus
940 1495 976 1542 est
987 1493 1013 1540 in
1024 1494 1130 1539 lavacro.
1141 1491 1191 1540 Ab·

106 1561 221 1620 diligunt.
660 1567 709 1614 siut
721 1567 797 1626 igitur
814 1566 929 1613 decolora
943 1561 1035 1609 mentis
1052 1561 1190 1620 velamine,

131 1630 635 1694 tisisicuouaccipimus,iuveuiturcou·
660 1649 714 1697 quae
733 1636 867 1696 displicent
882 1645 983 1694 spons03
995 1631 1109 1690 displicet
1121 1631 1189 1678 enim

105 1698 208 1745 trarium
215 1713 221 1744 :
228 1703 282 1748 Non
292 1704 345 1750 ocni
354 1717 437 1750 vocure
443 1704 519 1760 justos
531 1701 569 1764 (v.
579 1705 608 1750 52
615 1702 634 1765 ).
661 1705 684 1751 ei
692 1739 699 1765 ,
706 1706 748 1766 qui
759 1706 854 1754 vestem
861 1716 911 1750 uon
919 1700 1035 1749 habuerit
1044 1700 1190 1758 nuptialem.

105 1767 217 1815 sedilios
231 1782 279 1816 nou
290 1773 374 1829 vocat,
387 1771 430 1830 qui
447 1784 473 1818 se
486 1771 565 1829 iustos
582 1785 635 1820 esse
660 1773 753 1832 Spouso
765 1774 847 1821 autem
858 1771 917 1832 quid
928 1770 1009 1830 potest
1019 1769 1129 1828 plaeere,
1140 1768 1190 1816 uisi

106 1834 207 1882 dicunt:
218 1840 355 1898 minorantes
363 1839 431 1885 enirn
438 1842 524 1896 Deum,
536 1843 558 1887 ct
567 1854 636 1887 snum
660 1855 710 1901 pax
718 1842 794 1890 animi
803 1842 913 1902 ,puritas
921 1838 1012 1900 cordis,
1023 1838 1110 1886 caritas
1120 1849 1192 1884 meu·

103 1904 219 1961 iustitiam
229 1910 355 1965 querentes
363 1910 477 1964 statuere,
486 1908 582 1964 justitie
592 1909 637 1955 Dei
660 1907 709 1956 tisi

105 1985 154 2018 non
169 1977 224 2022 sunl
234 1976 338 2033 subjecti.
349 1977 410 2033 Ergo
423 1977 577 2034 usurpatores
583 1976 635 2033 jus·
691 1978 817 2027 ibllouus
825 1992 928 2040 sponsus
935 1977 1054 2025 Dominus
1061 1975 1140 2031 lesus,
1149 1973 1190 2020 bie

105 2040 170 2088 titiae
186 2055 235 2089 uon
245 2044 364 2090 vocantur
374 2042 405 2088 ad
415 2044 532 2101 gratiam3
543 2056 600 2089 nam
616 2045 636 2090 si
661 2058 723 2094 novo
733 2048 807 2106 partu
820 2049 933 2094 naturum
943 2043 1061 2092 initiavit.
1071 2042 1135 2088 Huic
1146 2041 1190 2088 de·

106 2109 185 2166 gratia
195 2123 228 2156 ex
240 2109 400 2174 poeuitentia,
412 2111 498 2170 utique
513 2111 555 2170 qui
566 2112 636 2159 iusti·
661 2115 774 2174 sponsata
784 2114 930 2174 corruptelis
945 2111 1027 2159 carnis
1036 2109 1189 2158 absolvitur:

107 2177 144 2226 dit
161 2179 347 2240 poeniteutiam,
359 2180 455 2227 abdicat
470 2182 582 2240 gratiam.
597 2183 636 2229 Si·
660 2196 710 2231 uon
726 2184 789 2231 filios
801 2184 916 2231 mortales
935 2178 1054 2240 requirit,
1070 2190 1119 2224 nou
1133 2180 1191 2225 Evae

105 2245 199 2295 tierunt
214 2249 350 2308 vulnerati,
369 2249 413 2308 qui
431 2261 458 2296 se
470 2250 633 2312 sanctificant,
660 2252 797 2300 delectatur
815 2251 955 2309 doloribus,
976 2259 1025 2295 uon
1044 2247 1126 2294 virum
1146 2245 1192 2292 ob-

54 2341 68 2358 .
105 2315 160 2362 istis
175 2328 277 2375 sponsus
295 2318 422 2372 auieretur
439 2331 446 2364 τ
463 2319 535 2366 uobis
551 2322 635 2368 autem
659 2323 762 2368 noxium
778 2322 870 2380 culpae,
882 2332 931 2367 uon
946 2316 1115 2366 hereditatem
1132 2326 1190 2362 con-

104 2395 153 2431 non
164 2386 275 2446 caiphas,
287 2400 335 2434 uou
344 2387 437 2434 Pilatus
446 2389 569 2437 Christum
579 2391 635 2437 abs-
660 2390 769 2439 dumuati
790 2390 866 2450 patris
891 2387 1005 2448 requirit.
1028 2385 1097 2432 Vidit
1123 2384 1190 2431 euim

104 2453 178 2512 tulit,
200 2467 245 2502 uec
270 2468 399 2515 possumus
422 2455 554 2516 jejunare3
576 2458 634 2518 quia
660 2457 1018 2518 caruisulcera,quamautea
1031 2454 1191 2513 coucupisce-

105 2521 226 2569 Christum
246 2523 380 2583 habemus,
394 2524 420 2571 et
435 2524 524 2572 Christi
535 2538 634 2572 earnem
659 2527 701 2575 bat
716 2541 723 2573 a
741 2527 849 2576 advertit
866 2536 916 2572 nou
930 2537 983 2571 esse
997 2522 1191 2582 pulcritudinem.

106 2591 235 2648 epulamur
245 2590 559 2649 etsauguinem.Quomodo
568 2594 634 2639 enim
660 2606 757 2652 veram,
773 2607 828 2651 quae
839 2593 956 2639 vitiorum
966 2592 1057 2637 habeat
1073 2589 1191 2636 detorrui-

105 2657 203 2703 videtur
212 2657 338 2716 ieiunare,
351 2659 453 2716 quinon
464 2658 560 2705 esurit?
572 2660 635 2716 Quo·
660 2662 744 2707 tatem.
753 2663 783 2708 Et
791 2661 847 2706 ideo
855 2659 915 2718 quid
923 2659 968 2706 tibi
977 2670 1033 2703 curn
1042 2658 1086 2703 tali
1094 2669 1191 2716 sponso,

106 2725 178 2770 ruodo
189 2724 287 2773 videtur
304 2724 432 2784 ieiunare,
448 2725 491 2785 qui
506 2738 555 2772 nou
569 2726 635 2774 sitit?
659 2725 1036 2787 lemine?Requirediligenter,
1048 2724 1073 2772 et
1084 2725 1111 2771 iu
1122 2726 1189 2771 omui

105 2793 231 2851 Quomodo
241 2794 324 2840 auteur
332 2793 401 2840 sitire
411 2794 505 2854 potest,
516 2796 557 2854 qni
570 2795 635 2845 bibit
659 2808 759 2856 corpore
775 2797 890 2844 iuvenies
904 2794 1054 2842 cicatricem.
1070 2795 1190 2852 cognosce

104 2863 242 2922 coriscum,
253 2862 369 2922 cumipse
379 2863 486 2911 dixerit:
496 2867 542 2926 Qui
552 2865 634 2914 biberit
658 2866 736 2912 alium
744 2866 820 2925 magis
830 2877 961 2924 sponsum,
971 2862 1015 2923 qui
1025 2862 1191 2910 circumdatur

105 2935 131 2980 de
152 2946 215 2992 aqna
235 2946 305 2992 quom
323 2946 363 2993 epo
381 2933 455 2989 dabo,
466 2946 514 2980 non
527 2936 588 2982 sitiet
608 2937 634 2982 in
658 2936 714 2981 luce
723 2967 731 2994 ,
741 2937 813 2992 eujus
823 2931 918 2993 species
928 2930 1065 2991 nonpotest
1076 2930 1189 2978 interire.

105 2999 353 3061 aeternumibeuique
365 3002 395 3048 de
406 3001 482 3047 animi
494 3002 588 3048 dictum
597 3002 634 3060 je·
659 3003 729 3049 fluuc
744 3003 804 3049 tolle
821 3000 848 3047 in
864 3001 947 3047 auimo
962 2999 1020 3058 tuo,
1031 3011 1146 3046 consecra
1162 2998 1189 3044 iu

102 3069 188 3129 junio,
197 3069 272 3116 etiam
283 3070 411 3131 sequentia
422 3071 556 3118 declarant.
658 3071 750 3130 templo
762 3071 819 3133 tuo,
830 3070 890 3117 tolle
905 3069 932 3114 iu
948 3079 1047 3126 corpore
1059 3069 1116 3126 tuo,
1128 3067 1191 3114 sicut

96 3157 131 3207 Ὺ.
141 3159 170 3200 56.
179 3161 235 3199 Dixit
242 3161 469 3200 enimsimiilludinem
478 3164 504 3199 ad
512 3162 568 3199 illos:
578 3162 634 3212 Quia
658 3139 776 3199 scriptum
788 3139 842 3186 est:
859 3139 940 3185 mm
954 3139 1083 3185 Dominum
1098 3139 1123 3183 in
1138 3149 1191 3183 ⁶⁰²¹·
1204 3186 1207 3194 .

128 3222 191 3252 nemo
205 3217 368 3254 commmuram
389 3216 416 3253 de
435 3217 559 3254 vestimento
578 3225 634 3254 novo
656 3222 712 3268 pore
730 3211 814 3256 vestro.
831 3207 909 3266 Hujus
924 3206 1045 3254 thalamos
1062 3203 1191 3263 ingredere

126 3269 224 3306 fmfflflffl
233 3269 257 3306 5¹¹
268 3270 419 3307 vestimentum
429 3273 490 3307 “¹¹¹⁵
658 3289 747 3337 novos,
764 3277 839 3335 huius
853 3276 963 3335 spectato
977 3273 1135 3333 peregrinum
1146 3272 1191 3319 de-
1241 3327 1245 3333 1

134 3345 173 3394 25.
192 3345 296 3394 Dixemt
315 3347 378 3394 filios
399 3347 493 3407 spousi,
512 3347 558 3395 lroc
581 3347 633 3406 est,
658 3341 1192 3406 eorem,huuciudue,hunevideaddexte·

104 3414 167 3462 filios
177 3415 266 3473 Verbi,
275 3416 319 3474 qui
333 3428 378 3475 per
393 3415 485 3462 lavacri
501 3426 633 3473 regeuera-
658 3426 710 3465 ram
720 3415 813 3473 Patris,
826 3414 851 3461 et
866 3413 945 3472 gaude
956 3411 1014 3472 quia
1028 3410 1103 3458 talem
1114 3409 1191 3457 trabes

65 3492 69 3498 ·
104 3483 197 3530 tionem
214 3483 240 3529 in
253 3483 294 3541 jus
304 3483 395 3531 divinae
410 3482 575 3542 generationis
589 3483 633 3529 ad·
658 3495 797 3542 sponsum:
818 3483 860 3530 hic
878 3483 904 3529 te
922 3481 1015 3530 vestiet
1037 3478 1190 3526 benedictio
1256 3519 1258 3523 .

105 3553 180 3599 sumti
188 3553 259 3612 suut,
269 3553 386 3612 quamdiu
393 3565 449 3600 cum
457 3552 508 3598 illis
517 3552 554 3599 est
560 3550 634 3610 spuri-
658 3565 725 3611 uem,
736 3564 768 3599 ue
779 3563 827 3612 qua
838 3551 925 3599 noceat
936 3550 1043 3598 scissura
1053 3546 1159 3607 peccati.

106 3619 633 3682 sus,jejunarenonposse.llouutiquchoc
687 3620 726 3666 25.
747 3620 877 3666 servemus
896 3619 973 3677 igitur
988 3614 1100 3671 uestem,
1117 3623 1190 3670 quam

103 3687 638 3749 J'ojmriumrelegatur,quoconiiciturearo,'-
657 3699 701 3733 nos
718 3698 785 3731 sacro
803 3687 922 3730 Dominus
945 3683 1099 3737 emergentes
1121 3678 1188 3727 tonte

105 3755 132 3802 et
150 3756 280 3814 corporalis
297 3758 396 3804 luxuria
417 3754 564 3813 castigatum
587 3753 632 3799 lroc
658 3753 768 3801 vestivit.
780 3751 832 3797 Cito
843 3751 968 3798 scinditur
979 3747 1069 3807 vestis,
1086 3748 1105 3794 si
1127 3748 1190 3796 iacta

106 3825 173 3871 einim
191 3823 315 3884 jejunium
332 3837 376 3871 nos
394 3822 557 3870 commendat.
574 3822 634 3868 Nam
659 3832 707 3867 uon
718 3820 852 3878 congruant
863 3831 870 3864 ε
882 3818 931 3866 cito
942 3816 1017 3865 tineis
1028 3818 1108 3864 carnis
1118 3817 1199 3866 adio-fr

105 3892 310 3951 ‹purernadmodum
324 3891 456 3951 discipulos
469 3891 510 3937 hic
519 3889 633 3948 ieiunare
658 3890 734 3949 ritur,
747 3892 772 3937 et
783 3889 876 3952 peteris
890 3888 999 3936 homiuis
1013 3900 1095 3934 errore
1106 3900 1189 3935 uracu-

105 3962 261 4021 prohiberet,
273 3972 330 4008 cum
344 3961 396 4020 ipse
408 3959 526 4006 Dominus
535 3958 633 4017 ieiuna·
658 3960 731 4006 latur.
740 3958 847 4016 Ergolric
855 3969 918 4006 nova
926 3956 1189 4015 veteribuscopuluret

105 4031 161 4078 ret:
175 4043 229 4079 cum
241 4031 362 4092 postremo
370 4029 465 4077 diceret
473 4027 633 4089 nequissimos
658 4028 684 4074 in
703 4019 814 4088 apostolo
833 4026 914 4075 autent
931 4026 1007 4075 etiam
1025 4024 1187 4074 rrovisnetora

1174 4436 1316 4520 fl
