2760 4808
145 403 191 452 56⁴⁴
540 397 658 442 SANCTI
674 394 832 440 Aerenosii

144 490 221 547 Deus,
232 485 278 534 nisi
295 480 374 532 unus?
384 481 442 528 Nem
454 480 499 528 etsi
511 478 567 526 sunt
578 479 619 538 qui
632 477 670 524 di·
694 477 777 535 gusto,
793 472 915 522 Christum
926 481 993 527 esse,
1004 468 1048 530 qui
1059 467 1177 528 loquutus
1186 476 1212 512 es

146 557 231 602 canitur
246 553 293 611 dii,
310 565 341 599 an
359 552 475 598 intereos
491 549 611 595 Christum
627 559 671 593 an·
695 546 764 591 et-in
780 544 899 603 propheta
918 541 985 588 etin
1004 538 1151 597 Evangelio,
1162 536 1224 581 tarn-

143 624 277 672 numeratis
295 622 337 682 qni
356 621 485 678 dicuntur,
497 620 521 664 et
534 629 582 663 non
597 613 671 662 sunt?
695 627 768 671 quam
779 614 804 658 in
817 610 1031 672 praedestinatione
1041 604 1170 666 Evangelii
1182 612 1224 661 per

143 695 202 738 Cum
220 691 327 750 speciale
337 691 370 738 sit
387 690 453 747 eius,
465 687 494 734 ut
509 699 606 747 semper
621 686 670 731 sit:
696 683 790 729 Esaiam
798 682 858 729 dicit
867 694 872 725 :
882 683 932 740 Ipse
942 679 982 738 qut
993 676 1119 736 loquebar,
1128 674 1223 727 adsum,

144 762 170 807 ct
184 761 272 818 praeter
287 759 367 817 ipsum
387 758 464 804 Donus
481 758 506 802 et
520 768 594 804 verus
608 754 671 800 alius
696 753 742 800 troo
754 753 791 800 est
809 750 918 798 :Adsum
935 747 962 793 in
973 744 1118 804 Evangelio,
1132 743 1175 802 qui
1190 741 1225 786 lo-

143 830 209 875 Deus
218 841 266 875 non
275 829 320 886 sit3
330 826 445 886 quoniam
454 826 480 871 in
489 826 539 884 ipso
549 825 586 871 est
594 825 671 870 Deusr
696 822 789 881 quehar
800 820 826 866 in
837 820 911 877 Lege.

144 898 252 957 speciale
264 898 346 943 autem
357 895 430 942 etiam
440 892 607 951 Patrissit,ut
617 891 672 950 post
726 889 764 934 58.
776 887 871 933 Deinde
890 884 949 931 alibi
962 896 969 928 a
981 882 1068 930 Omma
1084 892 1136 940 quoe
1156 877 1225 923 Pater

144 967 224 1024 ipsum
237 977 310 1011 verus
327 965 389 1009 alius
407 963 472 1009 Deus
489 974 538 1009 nou
554 961 602 1019 sit3
615 960 673 1018 quia
697 957 778 1012 dubet,
788 968 840 1002 mee
856 956 919 1002 sunt.
930 953 990 1009 Quae
1000 953 1057 997 sunt
1068 945 1166 996 omnia?
1177 946 1227 990 Non

145 1046 208 1079 nnus
226 1034 304 1091 Deus,
316 1044 362 1078 nec
379 1031 450 1089 juxta
469 1029 673 1076 SabellianosPa-
697 1025 783 1082 utique
805 1022 920 1080 loquutus
940 1019 977 1065 est
1001 1017 1032 1064 dc
1052 1014 1156 1071 creatis3
1175 1011 1226 1057 haec

145 1104 209 1148 trem
218 1101 355 1159 Filiumque
367 1099 531 1157 contundens,
546 1110 592 1144 nec
602 1097 673 1154 juxta
699 1093 764 1138 enim
774 1091 855 1138 omnia
866 1089 929 1135 iacta
940 1087 998 1133 sunt
1009 1098 1053 1144 per
1063 1085 1156 1130 Filium
1166 1093 1173 1126 ι
1184 1077 1225 1158 sed

146 1171 260 1217 Arrianus
270 1171 364 1216 Patrem
383 1169 520 1226 Filiumque
535 1178 673 1214 secernens.
699 1174 727 1207 ea
743 1172 797 1219 quae
807 1161 878 1204 Pater
895 1157 984 1213 habet,
1000 1153 1089 1210 idest,
1101 1147 1228 1198 aeternita-

146 1238 219 1285 Pater
234 1240 300 1284 onim
312 1240 338 1285 et
347 1237 423 1282 Filius
438 1236 620 1282 distinctionem
631 1234 675 1280 ha·
699 1230 763 1286 tem,
789 1225 956 1282 maiestatem,
979 1220 1152 1274 divinitatem,
1176 1225 1229 1273 qua

148 1305 222 1363 bont,
236 1307 264 1351 ut
274 1308 345 1353 Pater
356 1307 381 1352 et
393 1305 482 1364 Filius;
494 1303 674 1363 separationem
700 1293 819 1341 nascendo
828 1290 945 1351 possedit.
956 1291 1016 1346 Ergo
1025 1299 1083 1333 enm
1095 1284 1138 1344 qui
1150 1279 1229 1328 omnia

149 1372 286 1421 divinitatis
296 1387 345 1421 non
355 1373 454 1420 hahent.
700 1362 787 1419 habet,
800 1372 852 1420 quae
864 1360 936 1404 Pater
953 1356 1029 1403 habet
1041 1353 1181 1416 (seriptum
1193 1347 1229 1394 est

701 1430 767 1476 enim
783 1441 790 1472 t
807 1428 892 1476 Omma
911 1437 961 1484 quoe
979 1425 1051 1470 Peter
1070 1420 1156 1476 hebet,
1178 1427 1228 1462 mee

308 1544 434 1596 CAPUT
461 1543 506 1594 w
700 1491 986 1556 auat),omnipotentem
997 1485 1228 1536 essedubitarenon

509 1580 516 1593 '
701 1576 837 1625 possumus.
1053 1573 1055 1576 >

150 1651 324 1698 omnipotentem
339 1659 379 1686 esse
395 1649 433 1686 Dei
444 1648 525 1685 Filium
537 1647 599 1695 prisci
613 1647 678 1684 novi·
941 1650 998 1662 ····

183 1715 225 1753 que
238 1703 321 1741 federis
335 1703 461 1740 auctoritate
476 1702 643 1739 demonstratur.
872 1716 998 1770 CAPUT
1016 1714 1055 1764 v·

180 1791 220 1840 Μ’
237 1793 401 1852 mmmm
416 1789 527 1837 vemet
545 1789 623 1836 lmus
632 1789 678 1836 Dei
704 1824 801 1872 objectos
825 1825 925 1863 adversus
950 1823 1030 1861 Christi
1053 1817 1230 1868 omnipotentiam

150 1863 239 1919 muse
258 1862 345 1920 utiqufl
370 1860 524 1918 ⁰¹¹¹¹¹iP⁰t⁰¹¹s
549 1858 616 1904 Deus
633 1857 679 1903 Dei
726 1871 1231 1924 Scripturaetertuserponiteacmaxtmetneo

151 1932 227 1978 Filiug
239 1945 245 1974 2
257 1943 318 1976 num
333 1929 500 1988 hincquoque
519 1927 625 1974 dubitari
636 1939 680 1986 po·
726 1931 867 1975 immoratur,
881 1933 906 1966 ut
922 1927 1077 1965 eumdemnon
1092 1934 1180 1962 raroex
1190 1922 1231 1959 hu-

151 1999 218 2046 m?
232 2000 310 2058 Supra
326 1998 435 2044 diximus
449 1996 542 2043 lectum
558 1995 614 2054 quia
633 1995 680 2040 Do,
726 1994 796 2020 manes
804 1987 889 2021 naturae
899 1982 979 2019 effectu
990 1981 1110 2027 loquutum
1119 1977 1201 2026 probet.

152 2068 234 2113 rninus
245 2066 400 2123 omnipotens
410 2075 500 2110 nomen
517 2062 554 2108 est
569 2062 602 2108 ei.
620 2063 680 2120 Ergo
734 2065 772 2111 59.
784 2065 834 2111 Nnc
850 2075 938 2110 vereor
948 2074 980 2108 ne
998 2060 1055 2119 quia
1067 2053 1231 2119 scriptumest
1289 2059 1291 2064 '

151 2135 209 2193 quia
222 2134 298 2179 Fiiius
316 2133 448 2188 Dominus,
463 2130 581 2176 Dominus
599 2131 681 2176 autern
706 2133 735 2178 de
754 2134 805 2179 Deo
816 2145 823 2176 z
834 2135 920 2179 Beatus
936 2133 958 2178 et
973 2131 1037 2178 sotus
1054 2132 1152 2188 potens,
1165 2122 1195 2173 ab
1206 2135 1232 2170 eo

152 2200 483 2258 omnipotens;omnipotens
491 2198 529 2243 est
539 2197 584 2242 Dei
596 2197 680 2243 Filius·
706 2200 751 2246 Dei
768 2201 845 2246 Filius
869 2198 1013 2258 separetur3
1033 2209 1091 2242 cum
1111 2195 1234 2253 Scriptura

181 2269 220 2314 55.
232 2267 279 2312 Sed
290 2267 373 2324 accipe
384 2266 458 2312 etiam
470 2276 524 2310 eam
536 2264 565 2310 de
577 2277 625 2323 qua
637 2265 682 2311 du·
707 2271 785 2316 Deum
804 2270 882 2317 solum
907 2267 1035 2326 potentem
1059 2264 1169 2321 dixerit,
1189 2273 1234 2308 non

152 2334 231 2382 Ditare
243 2345 363 2392 nequeas,
375 2332 507 2379 lectionem
519 2345 525 2377 τ
537 2335 596 2379 Ecce
606 2335 681 2390 uenit,
706 2339 801 2385 Patrem
812 2338 908 2384 sotum:
922 2337 947 2382 et
958 2335 1011 2393 ipse
1022 2333 1052 2380 de
1064 2332 1162 2378 Christo
1173 2332 1235 2376 Deus

152 2401 245 2462 inquit,
256 2416 309 2449 cum
319 2402 430 2457 aubibus,
442 2403 464 2447 et
475 2400 559 2447 videbit
570 2415 622 2447 eum
633 2415 683 2447 om·
707 2408 777 2453 Pater
796 2406 891 2453 adserat
907 2417 952 2464 per
970 2403 1119 2462 prophetam
1139 2414 1146 2446 τ
1167 2397 1234 2446 Posui

151 2474 190 2519 nis
200 2473 290 2528 ocutus,
301 2473 373 2541 etqui
383 2483 434 2516 eum
445 2473 632 2528 compunxerunt
643 2485 651 2516 .·
662 2473 683 2517 et
708 2476 851 2533 adjuterium
873 2487 942 2533 seper
965 2474 1089 2532 potentem.
1109 2471 1162 2515 Non
1182 2476 1235 2525 ergo

151 2543 262 2601 ptaoqeut
269 2555 293 2588 ae
300 2555 368 2600 super
375 2553 428 2586 eum
436 2553 513 2586 omnes
522 2539 595 2586 tribus
606 2542 682 2586 terrae.
708 2545 778 2589 Pater
797 2544 861 2589 solus
879 2542 979 2599 potens,
995 2540 1038 2586 sed
1056 2538 1145 2598 potens
1164 2538 1235 2583 etiam

153 2612 247 2666 Etiam,
263 2623 340 2657 emen.
353 2611 403 2668 qu
414 2622 466 2655 eum
476 2609 495 2652 A
507 2611 528 2653 et
539 2607 559 2648 Ω
571 2608 624 2654 dicit
636 2611 684 2654 Do-
708 2614 773 2658 Deus
782 2611 872 2668 Filius3
883 2610 910 2656 in
925 2611 996 2656 Patre
1007 2606 1075 2655 enim
1089 2605 1204 2653 laudatur
1213 2603 1237 2649 et

153 2681 230 2725 sitinus
240 2682 316 2735 Deus,
332 2679 372 2737 qui
388 2680 420 2724 est
426 2709 434 2733 ,
446 2680 467 2723 et
479 2679 520 2735 qui
535 2679 600 2733 erat,
612 2680 632 2721 et
644 2679 684 2736 qui
708 2681 792 2727 Filius.

154 2749 264 2794 uenturus
282 2749 315 2793 est
333 2749 483 2804 ornntpoteus.
503 2746 581 2801 Quem
608 2744 684 2804 igitur
738 2748 776 2796 no,
788 2748 858 2795 Certe
877 2748 988 2796 ostendat
1007 2746 1097 2807 aliquis
1112 2745 1174 2806 quid
1192 2743 1236 2800 sit,

154 2815 365 2875 compunxerunt,
375 2815 399 2860 et
409 2826 481 2872 quem
493 2814 619 2872 speramus
631 2827 683 2860 esse
708 2817 772 2877 quod
783 2830 833 2863 non
844 2817 920 2876 possit
931 2818 977 2863 Dei
989 2817 1064 2861 Filius
1077 2828 1084 2860 :
1095 2815 1152 2874 quis
1164 2815 1187 2861 ei
1197 2812 1238 2859 ad-

154 2887 301 2943 venturum,
317 2883 364 2931 nisi
381 2882 558 2940 Filiumtttrgo
576 2881 684 2942 omnipo·
706 2888 772 2944 jutor
791 2898 847 2932 cum
867 2887 956 2933 coelurn
974 2883 1168 2940 taceret,'tuit:
1186 2879 1238 2940 quis

154 2954 209 2999 tens
218 2954 337 2999 Dominus
348 2953 372 2999 et
381 2953 447 2998 Deus
455 2950 566 2997 ClirIstus
575 2949 621 2996 est.
709 2957 804 3012 adjutor
814 2969 870 3002 cum
881 2956 998 3002 conderet
1005 2954 1125 3000 mundum
1135 2952 1145 2997 ἓ
1154 2955 1188 2998 Au
1198 2950 1238 3009 qui

184 3019 222 3065 56.
234 3022 322 3078 Accipe
334 3019 415 3076 aliud,
431 3019 515 3064 sancte
534 3019 682 3077 imperator,
709 3025 734 3069 in
746 3025 920 3071 constitutione
928 3023 1075 3082 Angelorum
1085 3022 1110 3067 et
1123 3021 1239 3067 Domina-

154 3087 180 3130 ot
198 3085 281 3142 accipe
298 3086 420 3131 Christum
444 3086 609 3142 loquentem:
629 3088 684 3132 Hoec
709 3094 802 3139 tionum
822 3093 932 3149 adjutore
950 3103 999 3138 non
1018 3091 1102 3149 eguit,
1123 3088 1193 3148 eguit
1212 3087 1238 3133 ut

154 3155 208 3199 dicit
217 3155 331 3199 Dominus
343 3154 498 3210 ornatpotens:
506 3155 564 3199 Post
572 3153 683 3201 lrouorem
708 3160 833 3207 hominem
845 3158 981 3207 liberaret?

153 3223 684 3283 rraieitmesuperqcutes,quedeproedaeeruut
738 3227 777 3273 tt.
799 3228 921 3287 Scriptum
941 3228 992 3287 est,
1012 3227 1149 3286 inquiunt:
1171 3228 1239 3272 Peter

154 3307 208 3352 eos;
219 3294 329 3352 quoniam
345 3294 386 3353 qui
400 3294 474 3352 tumqit
491 3307 545 3350 vos,
557 3297 626 3354 quast
644 3297 684 3355 qui
709 3311 784 3353 meus,
796 3299 816 3344 st
823 3297 929 3357 possibile
940 3299 985 3354 est,
998 3296 1101 3354 transfer
1112 3310 1128 3341 u
1139 3309 1177 3341 me
1188 3294 1240 3340 ceti·

155 3363 230 3422 tuuqit
244 3362 355 3422 pupillam
369 3363 429 3408 ocuti
438 3361 495 3419 ejus.
507 3364 568 3422 Quia
583 3376 631 3409 ecce
645 3376 685 3422 eqo
709 3381 757 3412 cem
775 3366 844 3412 tautae.
857 3367 885 3411 ut
904 3365 959 3411 ideo
978 3364 999 3411 si
1016 3363 1174 3422 omnipotens
1191 3361 1238 3417 est,

155 3433 233 3489 injicio
243 3445 341 3478 menum
357 3443 434 3477 meam
444 3445 512 3490 super
523 3445 561 3478 eos
566 3464 574 3488 ,
590 3434 630 3491 qut
645 3432 685 3477 de·
709 3432 828 3492 quomodo
838 3432 868 3478 de
878 3430 1041 3491 possibilitate
1051 3429 1173 3486 ainbigit?
1183 3431 1241 3487 Ergo

153 3502 314 3559 praedaverunt
324 3513 378 3553 eoo,
390 3502 411 3545 et
421 3513 503 3546 emtam
518 3514 572 3556 eos,
585 3503 606 3547 ct
618 3504 685 3547 cruat
709 3502 765 3560 quia
790 3501 983 3559 omnipotentem
1002 3498 1119 3559 probavi,
1140 3497 1240 3556 probavi

157 3572 181 3613 m
198 3569 314 3627 predum,
336 3570 376 3627 qut
392 3568 647 3627 depraedaveruntvos,
664 3572 686 3615 et
709 3571 795 3629 utique
813 3571 937 3630 ambigere
952 3581 1011 3615 eum
1029 3568 1059 3615 de
1074 3567 1239 3626 possibilitate

155 3639 225 3684 scient
233 3639 288 3696 quie
295 3639 409 3684 Dominus
416 3638 559 3696 canoipoteue
566 3640 628 3684 misit
639 3652 683 3685 me.
710 3652 757 3685 non
769 3651 848 3699 posse.

156 3706 246 3764 Utique
256 3706 298 3763 qui
309 3705 385 3752 dicit:
395 3705 514 3752 Dominus
526 3707 562 3753 est
573 3708 685 3766 omnipo·
738 3706 776 3753 42.
789 3708 882 3765 Verba,
898 3707 993 3766 inquis,
1010 3706 1100 3752 Christi
1111 3706 1179 3753 sunt.
1194 3706 1243 3751 Ve-

157 3776 211 3819 tcns
222 3788 228 3813 ε
241 3774 266 3819 et
277 3774 320 3832 qui
336 3774 414 3833 misit,
426 3776 543 3822 Dominus
555 3777 592 3823 est
607 3777 685 3822 omni·
710 3789 763 3822 nrm
775 3776 835 3822 dicis
846 3790 852 3820 :
862 3775 904 3821 sed
915 3775 1025 3833 quando,
1036 3775 1061 3820 et
1072 3775 1156 3834 inqua
1166 3775 1242 3821 torma

157 3840 251 3914 potens.
264 3841 323 3899 Ergo
335 3841 360 3888 et
371 3841 448 3889 Patris
459 3843 484 3889 et
500 3842 557 3888 Filii
574 3844 685 3901 omnipo·
711 3845 832 3904 loquatur,
840 3844 948 3891 adverte,
960 3843 1071 3889 Hominis
1080 3843 1243 3889 substantiam

157 3906 253 3950 tentia:
266 3908 308 3954 sed
321 3911 402 3956 tamen
413 3912 478 3958 Deus
495 3922 559 3956 unus
576 3912 686 3970 omnipo·
711 3914 796 3971 gessit,
808 3913 914 3958 hominis
927 3912 1045 3957 adsumsit
1056 3911 1183 3956 affectum.
1195 3911 1245 3956 Do-

159 3971 228 4028 tens3
239 3974 297 4030 quia
307 3979 389 4026 unitas
400 3979 528 4037 potestatis
540 3978 585 4026 est.
712 3982 785 4040 nique
804 3983 876 4040 supra
888 3981 963 4027 tratres
977 3980 1034 4038 quia
1045 3991 1188 4038 progressus
1199 3992 1245 4037 pu-

188 4038 232 4123 57.7
247 4039 327 4099 Atque
349 4045 377 4092 ut
395 4046 471 4105 scias,
490 4048 624 4108 imperator
642 4059 686 4097 au·
711 4049 792 4097 silium
811 4049 916 4109 procidit
935 4049 1061 4109 infaciem
1076 4059 1160 4107 stram,
1173 4059 1245 4094 orans
