2752 4814
370 415 410 460 uu
427 416 573 460 orrrcns
592 414 854 470 nrnrsrnouun,
874 419 973 461 einen
993 417 1011 461 1.
1182 403 1233 464 'rao

151 494 238 542 cundia
246 495 371 557 pudlcltiae
380 501 553 558 comes‚cujus
561 497 678 546 societate
695 499 820 556 ¹mendara
828 499 928 561 oificiis3
939 502 986 549 boc
997 501 1047 549 solo
1056 500 1173 548 tamenin
1184 503 1233 549 cle·

150 563 249 613 castitas
259 566 311 626 ipsa
323 568 398 616 tutior
416 568 461 618 est.
473 569 553 614 Bouus
564 567 630 613 enim
640 578 678 612 re·
704 579 758 614 rum
768 581 782 614 a
793 564 833 616 r'ne
845 582 894 617 nou
914 570 1055 630 receptum,
1072 569 1137 629 quod
1151 570 1234 628 gestus

150 632 235 691 gandae
250 635 367 684 castitatis
380 635 458 696 pudor
469 636 506 683 est
524 647 605 683 comes
616 648 622 680 a
634 633 677 694 qui
704 635 757 694 ejus
765 638 899 697 plurimum
905 639 1049 688 dedeceret:
1058 638 1162 685 alterum
1173 651 1234 698 quo-

150 699 170 745 si
188 714 215 748 se
226 703 361 762 praetendat
378 703 408 751 ad
418 715 447 751 ea
458 716 512 764 quae
522 703 600 763 prima
611 702 678 762 peri·
703 718 751 764 quc
770 719 826 753 cum
837 707 863 752 in
880 709 945 755 clero
961 708 1122 767 reperissem,
1133 705 1234 764 iussisse

150 769 206 816 cula
231 773 299 832 sunt,
324 771 470 832 pudicitiam
493 771 610 820 temerari
629 783 678 817 nou
703 775 1235 837 meneumquampraeiretmibi3quiarelut

150 836 223 886 siuat.
235 841 280 888 llic
289 841 383 900 primus
391 841 416 888 in
425 841 478 902 ipso
487 839 630 900 cognitionis
640 839 678 886 iu·
703 842 1168 902 quodaminsolentisincessusverbere
1177 855 1244 916 ocu·i

149 907 247 965 gressu,
256 908 465 957 Domiuimatrem
476 907 631 956 commendat
641 909 678 955 le·
703 912 738 958 los
749 911 835 959 feriret
845 925 921 960 meos.
934 913 1009 972 ldquc
1025 912 1091 972 dixi,
1107 925 1163 959 cum
1178 910 1244 968 red-³,

149 973 275 1035 gentibus,
288 975 450 1036 ettamquam
467 976 538 1025 testis
553 976 677 1034 locuples,
703 979 803 1028 deretur
824 981 881 1040 post
904 981 1019 1028 offensam
1051 979 1156 1026 muneri.
1182 975 1243 1024 lloc'

148 1040 248 1102 dignam
257 1059 311 1105 quae
324 1045 354 1093 ad
370 1048 420 1094 tale
433 1047 522 1094 munus
531 1047 677 1105 eligeretur,
703 1050 782 1096 solum
800 1049 902 1109 excepi,
921 1062 967 1096 uec
986 1047 1078 1096 tolellit
1097 1031 1244 1106 senteutia3i

148 1111 268 1160 adstruit:
280 1114 345 1174 quod
356 1115 383 1162 iu
394 1116 522 1173 cubiculo,
534 1113 599 1174 quod
612 1114 676 1172 sola,
703 1117 808 1177 uterque
827 1119 894 1165 cuim
905 1118 935 1164 ab
952 1117 1061 1164 Ecclesia
1081 1116 1195 1173 recessit,
1205 1102 1245 1187 ut}

148 1180 212 1239 quod
220 1183 323 1231 salutata
335 1185 365 1231 ab
385 1185 476 1244 angelo
487 1184 567 1242 tacet,
578 1184 602 1231 et
612 1182 677 1230 mota
703 1187 781 1244 qualis
792 1186 888 1234 incessu
899 1186 1061 1246 prodebatur,
1070 1183 1245 1244 talisperlidia·K

147 1250 679 1313 estinintroitueJ’us,quodadririlissexus
703 1254 780 1299 animi
803 1255 1020 1304 demonstraretur.
1040 1255 1148 1314 Namque
1172 1251 1235 1299 alter
1274 1278 1276 1283 ·

146 1319 256 1375 speciem
264 1322 419 1379 peregrinam
428 1320 541 1367 turbatur
550 1319 679 1379 adspectus
703 1321 804 1369 arrianae
826 1324 990 1371 infestationis
1010 1324 1140 1382 tempore,
1161 1321 1235 1368 iidem

146 1386 267 1447 Virginis.
279 1389 362 1448 ltaque
373 1390 483 1449 quamvis
492 1390 557 1436 esset
567 1388 676 1445 humilis,
703 1391 812 1439 deseruit
824 1405 830 1439 ε
843 1393 904 1440 alter
922 1389 1034 1453 pecdniae
1044 1392 1140 1450 studio,
1151 1403 1183 1437 ue
1193 1390 1235 1449 ju-

147 1467 198 1515 prae
209 1458 356 1504 verecundia
368 1460 450 1506 tamen
465 1458 612 1506 salutantem
628 1469 678 1519 uon
702 1460 794 1507 dicium
805 1462 900 1509 subiret
909 1454 1073 1518 sacerdotale,
1086 1472 1112 1508 se
1122 1460 1233 1507 nostrum

148 1525 359 1586 resalutavit,uec
368 1528 446 1575 ullum
454 1539 598 1586 responsum
608 1527 676 1574 retu·
701 1529 810 1588 negarit.
829 1531 936 1578 Lucehat
959 1530 985 1576 iu
1010 1530 1110 1576 illorum
1136 1529 1234 1575 incessu

147 1591 191 1651 lit,
202 1593 250 1640 uisi
260 1595 302 1642 ubi
315 1595 345 1643 de
359 1596 514 1656 suscipienda
526 1596 674 1656 Dominigc·
702 1596 780 1655 imago
791 1599 911 1659 levitatis,
928 1599 1023 1658 species
1040 1597 1151 1658 quaedam
1163 1609 1233 1644 scur-

146 1664 272 1712 ueratione
282 1665 407 1725 coguovit3
415 1666 443 1713 ut
450 1666 594 1725 qualitatem
605 1666 676 1714 ellec-
700 1661 783 1712 rarum
798 1669 1003 1728 percursantium.

146 1730 185 1777 tus
193 1731 313 1793 disceret,
324 1746 373 1781 non
381 1737 408 1782 ut
416 1747 553 1782 sermonem
562 1733 674 1782 referret.
731 1737 769 1784 75.
778 1738 841 1786 Sunt
849 1739 923 1785 etiam
931 1739 974 1798 qui
985 1736 1075 1786 sensim
1086 1735 1233 1784 ambulando

176 1797 217 1848 7οζ
233 1802 261 1847 lu
278 1802 331 1862 ipsa
346 1803 455 1851 oratione
471 1805 552 1852 nostra
571 1805 676 1852 multum
701 1805 829 1853 imitantur
844 1808 1002 1854 histrionicos
1018 1808 1114 1866 gestus,
1126 1806 1151 1852 et
1162 1804 1232 1864 quasi

145 1871 296 1925 verecundia
316 1873 414 1933 placet,
436 1874 542 1921 multum
563 1871 676 1918 conciliat
700 1871 811 1930 quaedam
828 1873 921 1920 fercula
932 1885 1091 1933 pomparum,
1104 1872 1129 1918 et
1140 1871 1232 1917 statua-

144 1939 228 1997 qratiae
240 1939 306 2000 apud
314 1942 394 1987 Deum
402 1942 521 1988 nostrum.
529 1940 612 1986 Nonne
624 1939 676 1986 baec
701 1949 755 1984 rum
766 1940 847 1986 motus
856 1941 1010 1997 nutantium
1022 1939 1049 1985 ut
1067 1938 1231 1998 quotiescum·

145 2007 256 2066 praetulit
265 2009 441 2068 Publicanum,
453 2009 478 2055 et
497 2006 677 2058 commendarit
701 2018 748 2064 que
760 2007 860 2064 gradum
869 2005 1231 2064 transierunt‚modulosquos-
1246 2044 1250 2051 .

146 2087 204 2122 eum
222 2075 265 2136 qui
285 2089 331 2124 nec
349 2077 432 2124 oculos
450 2089 505 2123 suos
523 2075 630 2123 audebat
646 2074 676 2121 ad
701 2070 756 2120 dam
767 2088 865 2123 servare
876 2077 1015 2124 videantur.

146 2144 235 2191 coelum
251 2144 349 2192 levare?
366 2146 423 2193 ldeo
436 2145 583 2204 justificatur
600 2145 676 2204 magis
731 2141 768 2190 lla.
784 2146 834 2192 Nec
853 2147 943 2193 cursim
955 2145 1082 2192 ambulare
1099 2141 1229 2190 honestum

145 2211 245 2260 Domini
262 2213 370 2273 iudicio,
381 2227 454 2274 quam
472 2216 515 2262 ille
524 2214 673 2273 Pharisaeus,
699 2211 817 2274 arbitror,
827 2214 875 2261 uisi
886 2226 943 2262 cum
954 2227 1026 2262 causa
1037 2212 1115 2273 exigit
1125 2212 1230 2269 alicujus

144 2295 218 2343 quem
237 2282 384 2331 deformavit
398 2285 548 2344 praesumtio.
568 2284 674 2345 ldeoque
698 2283 818 2344 periculi,
828 2285 869 2332 rel
879 2286 944 2343 justa
953 2282 1094 2331 necessitas.
1106 2283 1167 2328 Nam
1177 2283 1230 2340 ple-

145 2363 241 2399 oremus
255 2353 281 2400 in
299 2353 482 2414 incorruptione
494 2353 572 2414 quieti
585 2354 611 2401 et
621 2365 674 2400 mo-
698 2364 802 2413 rumque
826 2352 972 2405 testinantes
989 2352 1090 2399 anbelos
1115 2351 1229 2399 ridemus

144 2418 206 2467 desti
218 2421 332 2482 spiritus',
344 2423 387 2483 qui
397 2423 434 2471 est
447 2423 504 2469 aute
515 2424 594 2469 Deum
604 2423 673 2469 locu·
698 2421 812 2480 torquere
823 2434 878 2482 ora,
889 2422 980 2482 quibus
990 2421 1010 2467 si
1022 2432 1094 2466 causa
1105 2419 1169 2465 desit
1179 2418 1228 2464 ies-

144 2489 210 2548 ples,
226 2489 254 2535 ut
268 2491 303 2537 ait
317 2492 412 2540 Petrus.
426 2492 512 2550 Magna
527 2491 603 2550 igitur
621 2504 673 2538 mo·
698 2489 824 2537 tiuatiouis
839 2491 998 2546 necessariae,
1009 2500 1094 2535 narnus
1106 2488 1142 2534 est
1156 2487 1229 2544 justae

144 2557 235 2617 destia‚
244 2572 299 2619 quae
310 2572 366 2606 cum
378 2560 410 2607 sit
421 2559 495 2606 etiam
513 2561 550 2606 sui
560 2560 623 2617 juris
633 2572 673 2607 re·
698 2557 846 2606 offensionis.
855 2558 904 2604 Sed
910 2570 959 2604 uon
969 2557 1000 2604 de
1011 2557 1050 2602 bis
1061 2556 1130 2613 dico,
1139 2555 1229 2615 quibus

144 2626 255 2685 ruissior,
266 2628 330 2674 nibil
341 2628 388 2676 sibi
399 2639 533 2687 usurpans,
544 2628 610 2674 nibil
619 2628 674 2676 rin·
699 2636 752 2670 rara
763 2625 903 2685 properatio
919 2638 951 2672 ex
962 2636 1034 2671 causa
1044 2623 1155 2670 nascitur
1165 2635 1172 2666 τ
1185 2622 1228 2667 sed

144 2695 606 2755 dicans,etquodammodoiutrarires
618 2709 673 2744 suas
698 2694 786 2752 quibus
809 2693 875 2754 jugis
892 2694 917 2742 et
936 2692 1052 2740 contiuua
1069 2693 1096 2738 iu
1115 2690 1228 2738 naturam

144 2764 300 2823 contractior,
312 2764 428 2811 divesest
436 2763 501 2823 apud
511 2764 603 2823 Deum,
611 2764 674 2824 apud
699 2762 810 2810 vertitur.
819 2765 869 2811 Nec
877 2763 903 2810 iu
911 2763 961 2810 illis
969 2774 1014 2822 ego
1021 2761 1145 2821 tamquam
1152 2760 1228 2807 simu-

143 2845 217 2892 quem
227 2845 300 2880 nemo
309 2833 386 2879 dives.
400 2833 476 2880 Dives
486 2832 524 2881 est
536 2834 672 2895 modestia,
698 2832 819 2880 lacrorum
843 2832 937 2892 effigies
957 2830 1046 2894 probo,
1065 2842 1112 2879 uec
1131 2830 1157 2875 in
1175 2828 1228 2876 istis

141 2901 198 2963 qnia
209 2903 288 2962 portio
299 2901 344 2949 Dei
356 2902 401 2949 est.
412 2903 501 2949 Paulus
511 2915 608 2964 quoque
619 2917 671 2951 ora·
698 2900 821 2960 tamquam
832 2913 992 2949 excussorum
1001 2899 1094 2946 ruinas.

101 2974 106 2985 “
142 2971 673 3032 tionemdeierripraecepitcumverecundia
728 2971 766 3017 lo.
782 2971 822 3018 Est
837 2971 913 3018 etiam
930 2982 1025 3028 gressus
1040 2965 1188 3028 probabilis,
1200 2967 1226 3010 in

143 3042 673 3104 etsobrietate.Primambaucetquasiprae-
697 3050 744 3098 quo
754 3038 788 3086 sit
803 3037 898 3098 species
916 3036 1081 3094 auctoritatis,
1091 3033 1228 3094 gravitatis·

142 3110 208 3157 viam
218 3113 273 3161 ruit
283 3124 335 3159 esse
347 3110 464 3159 orationis
474 3110 576 3170 suturae,
587 3113 673 3160 utnon
696 3121 745 3168 que
756 3107 864 3171 pondus,
876 3105 1062 3167 tranquillitatis
1076 3104 1224 3164 uestigium

142 3179 259 3236 glorietur
276 3180 412 3241 peccatoris
432 3179 509 3226 oratio
526 3180 588 3227 :scd
603 3181 672 3240 quasi
696 3177 731 3225 ita
741 3178 823 3225 mmeu
837 3177 858 3224 si
869 3175 977 3224 studium
989 3174 1053 3222 desit
1066 3174 1139 3234 atque
1151 3173 1225 3219 allec-

142 3249 222 3297 colore
233 3252 332 3310 pudoris
343 3249 460 3309 obducta,
471 3261 519 3309 quo
527 3250 582 3308 plus
593 3251 672 3299 defert
697 3245 770 3306 tatio,
783 3245 828 3294 sed
842 3247 922 3293 motus
933 3245 965 3293 sit
976 3256 1052 3304 purus
1063 3255 1091 3289 ac
1102 3243 1224 3300 simplex3

142 3321 297 3367 verecundiae
305 3319 335 3366 de
344 3319 513 3367 recordatione
522 3318 616 3376 delicti,
626 3320 671 3368 boc
695 3318 770 3364 Naum
779 3328 847 3364 urtam
859 3315 967 3362 fucatum
978 3314 1070 3374 placet.
1080 3312 1171 3359 Motum
1182 3323 1228 3356 na·

141 3387 281 3436 uberiorem
299 3391 424 3437 mereatur
435 3389 552 3449 gratiam.
698 3386 750 3432 tura
769 3384 894 3432 informet.
906 3383 931 3429 Si
950 3380 1010 3442 quid
1025 3392 1083 3427 saue
1101 3380 1225 3426 innatum
1319 3398 1327 3420 ι

171 3455 210 3502 il.
221 3458 262 3504 Est
272 3459 379 3508 etiamid
387 3460 439 3518 ipso
448 3461 530 3515 motu,
538 3458 622 3518 gestu,
632 3457 671 3509 iu·
695 3457 751 3504 vitii
762 3456 814 3516 est,
823 3454 943 3503 industria
952 3450 1082 3500 emendet·
1096 3452 1124 3497 ut
1133 3462 1171 3496 ars
1183 3448 1224 3494 de-

142 3535 211 3573 cessu
219 3528 488 3576 tenendaverecuudia.
497 3527 671 3576 Habituseuim
695 3526 740 3582 sit,
752 3537 802 3573 nou
814 3524 878 3572 desit
889 3521 1017 3571 correctio.

141 3596 231 3643 mentis
242 3596 271 3642 iu
279 3599 385 3658 corporis
397 3599 462 3645 statu
472 3597 590 3644 cernitur.
608 3596 671 3643 Hinc
724 3594 763 3642 76.
775 3593 875 3651 Quodsi
891 3591 966 3639 etiam
976 3590 1023 3637 ista
1037 3586 1180 3649 spectantur
1190 3585 1225 3630 al-

141 3665 215 3712 bomo
237 3665 315 3712 cordis
335 3666 412 3713 nostri
433 3664 603 3722 absconditus,
629 3664 671 3709 aut
695 3661 756 3718 tius,
774 3660 866 3720 quanto
884 3659 961 3717 magis
983 3656 1120 3705 cavendum
1139 3653 1224 3729 estne

141 3734 232 3795 levior,
251 3734 293 3782 aut
309 3735 457 3792 jactantior,
470 3734 513 3779 aut
529 3731 671 3779 turbidior:
695 3728 754 3788 quid
762 3727 835 3786 turpe
843 3738 884 3773 ore
893 3725 1035 3784 exeat-3boc
1044 3722 1109 3798 enim
1118 3719 1224 3797 gratitar

141 3804 183 3851 aut
201 3804 284 3851 contra
298 3802 409 3863 gravior,
428 3803 454 3848 et
472 3799 632 3856 constantior,
646 3797 672 3844 et
695 3794 838 3856 coinquinat
855 3792 989 3840 bominem.
1001 3791 1054 3837 Non
1071 3800 1136 3835 curm
1155 3787 1223 3834 cibus

142 3873 241 3933 purior,
252 3874 278 3922 et
289 3870 407 3919 maturior
416 3869 567 3918 aestimatur.
585 3867 670 3928 ltaque
695 3861 851 3925 coinquinat,
860 3860 904 3910 sod
913 3858 1003 3919 injusta
1011 3856 1169 3915 obtrectatio,
1179 3857 1222 3904 sed

143 3954 190 3990 vox
200 3942 312 4002 quaedam
319 3942 357 3988 est
368 3938 444 3986 animi
456 3937 564 3997 corporis
579 3937 668 3986 motus.
694 3935 824 3986 verborum
834 3930 989 3981 obscoenitas.
999 3927 1137 3984 llaecotiam
1148 3927 1222 3986 vulgo

171 4011 209 4057 72.
225 4009 387 4069 lleministis,
397 4009 454 4069 lilii,
464 4008 594 4068 quemdam
609 4008 669 4054 ami·
694 4003 780 4065 pudori
791 4000 857 4050 suut.
869 3999 988 4047 innostro
1005 4009 1064 4046 vcro
1076 3994 1155 4044 oficio
1166 3997 1222 4041 nnl-
1278 4023 1280 4026 -

142 4093 211 4141 cum,
232 4093 288 4129 cum
307 4079 399 4128 sedulis
417 4090 443 4126 sc
463 4075 588 4128 videretur
603 4088 669 4123 corn·
694 4075 744 4121 lum
755 4072 856 4121 verbum
867 4067 1067 4131 quodinboneste
1080 4064 1162 4124 cadat,
1173 4076 1221 4111 non
