2752 4814
195 407 228 458 ‘26
586 411 707 456 stricti
720 412 880 456 nubilostl

197 488 450 551 obitu,sepultura),
461 491 571 540 remitti
586 493 609 540 si
627 505 675 539 non
688 492 727 538 di-
752 505 832 552 auge:
838 491 1042 552 mittsincorpus
1047 489 1189 555 tesnticlem
1199 502 1284 538 resur·

197 560 296 609 lexerot
305 560 389 607 Audeo
398 559 496 608 dicere:
505 573 555 608 nou
566 561 673 608 reddidit
683 562 732 607 Pe·-
753 561 884 625 manis,
894 554 994 606 odorem
1003 557 1132 617 Ecclesiae,
1143 558 1284 606 eommunis

197 631 264 686 trus,
275 630 301 675 et
313 628 368 675 ideo
382 629 438 688 plns
447 629 548 676 dilexit.
559 630 612 676 lton
620 628 726 676 reddidit
752 625 1109 686 caritatisunguentum3etita
1120 626 1282 686 progrediens

198 695 301 743 Paulus?
319 696 437 744 Reddidit
449 698 550 757 quidem
566 697 672 743 mortem
683 707 727 754 pro
753 697 856 755 pauperi
875 695 954 742 dabis.
974 696 1031 740 Plus
1046 695 1094 741 tibi
1112 694 1220 755 pecunia
1236 695 1282 742 illa

198 763 575 824 morte,sedalianonreddidit;
585 764 642 824 quia
649 764 726 810 multa
751 765 876 823 proderit,
893 764 915 812 si
930 776 981 810 nou
994 764 1120 822 umquam
1135 763 1282 810 attinentem

197 832 313 880 debebat.
321 833 384 880 Audi
393 833 473 893 ipsum
481 833 605 881 dicentem
613 831 670 892 quia
678 843 726 877 non
752 829 1282 890 tribuas,sedtamquaruprotuturamtllrristi

197 901 322 948 reddidit:
336 903 392 962 Quis
407 905 474 962 prior
483 903 606 958 dedititii,
624 904 645 946 et
655 901 725 946 retri-
751 900 851 953 nomine
868 898 1000 958 largiaris:
1015 899 1037 945 si
1052 898 1086 944 ita
1097 910 1152 944 eam
1168 897 1284 946 conteras

199 969 330 1018 buetureii
347 971 485 1018 Reddamus
501 971 562 1018 licet
572 981 671 1016 crucem
681 981 725 1029 pro
751 967 871 1028 pauperi,
886 968 916 1014 ut
932 967 1028 1014 deleres
1037 967 1141 1014 Christo.
1158 967 1212 1014 b'on
1222 980 1283 1028 ergo

198 1049 280 1096 cruce,
291 1037 364 1085 funus
374 1051 419 1098 pro
433 1039 532 1096 iuuere,
541 1037 663 1097 numquid
669 1036 727 1082 red·
749 1034 820 1092 juxta
830 1037 937 1084 litteram
946 1035 1115 1083 tantummodo
1125 1035 1233 1096 accipias
1240 1050 1283 1085 su·

197 1105 278 1154 dium
287 1108 353 1168 quod
371 1121 403 1156 ex
419 1109 486 1169 ipso,
499 1109 525 1156 et
535 1120 581 1168 per
592 1107 689 1167 ipsum,
700 1106 726 1153 et
750 1103 876 1163 pertusum
895 1103 971 1164 capiti
998 1104 1152 1163 unguentum
1173 1116 1180 1149 ε
1202 1105 1283 1154 littera

196 1175 282 1236 inipso
290 1179 408 1226 babemus
416 1178 661 1228 omniailleddamns
668 1189 726 1236 ergo
750 1174 813 1218 enim
827 1175 922 1234 acidit3
940 1173 985 1220 sed
998 1172 1134 1219 secundum
1149 1173 1282 1234 spiritum,

196 1256 304 1292 amorem
314 1259 359 1306 pro
370 1247 468 1307 debito,
477 1248 606 1295 caritatem
617 1259 661 1305 pro
672 1253 730 1292 mu··
750 1241 809 1300 quia
817 1241 919 1300 spiritus
929 1241 981 1288 vita
992 1241 1037 1288 est·

196 1315 377 1372 nere,giatiam
386 1315 661 1374 prosangninispreti03
669 1315 727 1374 plns
780 1311 819 1358 50.
830 1311 899 1368 Quod
906 1323 963 1370 ergo
974 1310 1045 1356 istius
1053 1309 1164 1357 mulieris
1169 1323 1283 1372 unguen·

196 1381 264 1427 erum
274 1381 355 1440 diligit
365 1382 406 1429 cui
417 1382 522 1430 donatur
533 1383 648 1441 amplius.
745 1376 803 1440 ,turn
814 1378 868 1426 esti
878 1380 940 1438 Quis
951 1380 997 1426 hoc
1007 1377 1094 1425 audire
1112 1378 1209 1437 potest?
1219 1381 1283 1438 Quis

227 1440 266 1495 2'7.
278 1448 326 1495 Sed
336 1451 490 1497 revertamur
497 1451 528 1498 ad
535 1451 603 1496 illam
613 1449 726 1510 superio·
750 1449 812 1497 tales
823 1462 895 1497 aures
903 1450 994 1510 babet,
1004 1450 1033 1497 ut
1047 1449 1145 1496 dicente
1156 1450 1215 1497 lesu
1222 1464 1281 1499 ver-

195 1527 264 1574 rem,
280 1516 350 1574 oniae
365 1519 495 1564 consilium
509 1519 589 1566 adbuc
604 1531 650 1565 nec
667 1530 726 1577 apo-
750 1516 810 1563 bum
821 1519 886 1579 quod
904 1519 1025 1578 accepite
1038 1518 1125 1576 Patre,
1141 1517 1218 1566 immo
1235 1520 1280 1580 qui

196 1585 252 1632 stoli
264 1584 414 1645 intelligunt,
423 1587 489 1646 qnod
496 1587 724 1634 eratabscouditum
750 1585 803 1646 ipse
811 1588 919 1634 Verbum
933 1589 984 1646 est,
994 1587 1071 1646 possit
1081 1587 1175 1632 tautam
1186 1590 1280 1647 myste-

196 1667 212 1702 a
229 1654 325 1702 seculis
343 1657 369 1702 in
388 1657 440 1704 Deo
451 1670 458 1702 ε
470 1659 527 1718 Quis
546 1659 608 1704 enirn
622 1660 725 1717 wgnooit
750 1655 782 1700 rii
792 1655 948 1703 altitudinem
959 1652 1063 1715 caperet
1074 1655 1104 1700 ut
1114 1654 1229 1715 discipuli
1247 1669 1281 1704 ex

195 1737 288 1772 sempr
299 1725 412 1772 Domini?
434 1726 651 1786 Conquerebantnr
668 1738 725 1785 ergo
750 1725 820 1782 parte
828 1723 987 1784 intelligunt,
999 1724 1046 1770 etsi
1057 1735 1106 1770 non
1116 1723 1195 1771 totum
1206 1723 1281 1772 intel·

196 1792 310 1850 discipuli
321 1794 380 1852 quia
393 1795 485 1842 mulier
495 1807 569 1854 snper
579 1795 653 1853 caput
664 1794 725 1841 etlu-
751 1793 836 1851 ligant.
847 1794 916 1841 Unde
927 1795 953 1840 et
970 1793 1070 1854 quidam
1084 1793 1173 1853 putant
1187 1794 1281 1842 dixisse

195 1859 233 1906 dit
246 1860 413 1921 unguentum,
426 1863 451 1909 et
462 1863 629 1922 querebantur
639 1861 725 1908 diceu-
750 1861 884 1921 discipulos
898 1862 1019 1922 unguenti
1036 1862 1118 1921 pretio
1135 1862 1184 1908 emi
1204 1863 1280 1910 tidem

194 1929 250 1976 tes:
263 1931 341 1990 Quare
356 1929 400 1977 boc
417 1932 451 1978 stc
466 1931 555 1991 periit?
570 1934 651 1979 Potuit
662 1933 724 1979 enim
749 1930 860 1986 gentium
871 1931 985 1977 debuisse
995 1962 1003 1988 ,
1013 1944 1069 1989 quae
1085 1929 1211 1988 sanguinis
1228 1933 1281 1978 Do·

194 2000 335 2050 canumet
354 2001 445 2059 pretio,
466 2002 488 2047 et
502 2002 555 2047 dari
572 2000 723 2060 pauperibus.
750 1997 939 2045 minicitnutunr
952 1999 1032 2058 pretio
1043 1999 1191 2054 debebatur3
1209 2001 1280 2061 quod

194 2066 260 2123 Quid
274 2067 360 2126 ntique
372 2067 527 2126 displicuerit
537 2069 632 2114 Christo
643 2069 670 2114 in
681 2081 724 2114 eo-
749 2065 848 2111 videtur
861 2067 1007 2113 verisimile.
1027 2067 1137 2125 Denique
1152 2064 1281 2116 lohannes

195 2145 249 2179 rum
257 2134 418 2193 sermonibus,
426 2147 475 2182 non
486 2137 578 2193 poteris
586 2135 724 2194 depreben-
749 2134 902 2192 Evangelista
914 2135 1008 2181 inducit
1016 2147 1127 2180 sermone
1136 2133 1204 2181 Jndae
1215 2136 1280 2183 ben-

196 2201 271 2258 dere,
282 2200 330 2246 nisi
345 2203 490 2261 mysterium
502 2203 637 2261 intelligas;
648 2204 724 2249 luxu·
748 2201 818 2248 riotis
833 2203 978 2249 estimatum
991 2201 1111 2249 trecentis
1121 2202 1230 2250 denariis
1245 2205 1279 2250 il-

195 2268 254 2314 riosi
273 2267 340 2314 enim
360 2269 484 2329 hominis,
505 2270 547 2317 vel
567 2272 650 2330 potius
674 2284 723 2318 non
748 2271 791 2316 lud
810 2274 979 2330 unguentum,
996 2271 1060 2318 sicut
1079 2269 1154 2316 babes
1171 2283 1178 2316 ε
1197 2275 1279 2322 Potuit

195 2336 302 2382 hominis
315 2338 352 2383 est
363 2340 429 2385 olere
441 2340 603 2398 unguentum.
616 2341 686 2388 Certe
698 2344 723 2388 et
748 2342 810 2386 enim
829 2343 967 2390 venumdari
991 2343 1095 2389 trecentis
1114 2343 1234 2400 anans,
1255 2348 1279 2391 ei

194 2403 242 2463 ipsi
253 2405 296 2464 qui
306 2405 387 2464 olent,
404 2419 499 2466 ungere
512 2419 553 2466 se,
563 2420 612 2454 non
622 2409 723 2467 pertun·
748 2409 801 2455 dari
817 2410 966 2468 pauperibus.
986 2411 1105 2456 Trecenta
1125 2411 1209 2456 autem
1228 2425 1279 2460 aera

195 2473 254 2520 clere
270 2473 357 2521 solent.
371 2474 437 2531 Quid
454 2487 511 2534 ergo
524 2475 652 2535 displicuit
665 2478 722 2536 quia
749 2478 828 2525 crucis
840 2479 934 2536 insigne
945 2480 1071 2526 declarant
1082 2492 1088 2524 :
1101 2479 1144 2526 sed
1156 2479 1280 2528 Dominus

194 2543 289 2591 dictum
298 2543 486 2593 estzrorarrnoc
493 2549 631 2594 venumdari
638 2551 722 2607 pretio,
747 2559 796 2592 non
808 2547 1000 2607 perfunctoriam
1017 2547 1127 2606 mysterii
1144 2550 1280 2606 praescien-

194 2616 216 2660 ei
231 2614 284 2660 dari
296 2614 456 2673 pauperibus?
466 2615 537 2661 Certe
551 2615 639 2674 etipse
650 2629 723 2675 supra
747 2616 807 2661 tiam
818 2616 916 2676 quaerit,
925 2616 967 2663 sed
977 2614 1122 2676 consepeliri
1131 2615 1192 2665 inse
1201 2617 1277 2666 fidem

194 2682 292 2729 dixerat
308 2696 315 2728 ε
329 2684 444 2742 Quidquid
460 2685 502 2729 uni
517 2685 669 2730 minimorum
679 2686 723 2732 lo·
748 2686 901 2732 credentium
914 2687 1015 2733 mavult.

193 2762 248 2795 rum
262 2749 359 2806 fecistis,
375 2752 398 2796 et
414 2750 472 2795 mibi
489 2751 581 2807 fecistis.
602 2751 650 2796 Sed
668 2751 722 2810 ipse
776 2756 815 2800 5l.
827 2754 856 2800 ld
874 2758 957 2801 tamen
973 2755 1004 2801 de
1019 2755 1163 2802 caeterorum
1179 2758 1279 2816 aposto·

194 2816 297 2861 mortem
308 2827 375 2860 suam
383 2828 428 2874 pro
437 2816 586 2875 pauperibus
594 2817 720 2866 offerebat.
747 2823 826 2868 lorum
836 2823 938 2869 vocibus
956 2823 1133 2882 intelligimus:
1145 2825 1218 2872 iudas
1231 2839 1279 2873 au-

220 2882 262 2928 28.
275 2883 326 2927 Non
340 2883 376 2928 est
393 2883 468 2941 igitur
479 2885 584 2943 simplex
595 2886 684 2944 tigura3
696 2890 721 2934 et
747 2892 797 2937 tem
808 2889 985 2936 condemnatur
1003 2892 1127 2951 avaritiae,
1138 2892 1180 2952 qni
1196 2905 1277 2951 pecn-

193 2950 250 2997 ideo
261 2950 387 3008 respondit
398 2951 447 2998 illis
464 2952 511 2999 Dei
522 2954 631 3000 Verbum
647 2958 721 3017 :Quid
746 2959 813 3005 niam
839 2959 975 3006 Dominicae
990 2960 1099 3019 praetunt
1122 2961 1277 3022 sepulturus,

193 3019 283 3064 rnobsti
290 3019 341 3065 estis
352 3019 404 3067 leuis
412 3022 532 3068 mulieri...
540 3020 550 3067 ἓ
558 3023 652 3082 Semper
659 3038 720 3084 pan·
745 3027 788 3088 qui
799 3027 895 3075 etiamsi
907 3028 937 3074 de
956 3028 1067 3087 passione
1079 3030 1170 3087 sensit,
1182 3034 1277 3080 errauit

191 3100 257 3147 peres
272 3085 359 3135 habetis
375 3089 506 3146 babucum,
525 3103 561 3137 me
577 3093 656 3138 antem
673 3107 721 3140 non
746 3099 796 3144 tam
815 3108 872 3143 cara
887 3097 999 3143 auctione
1011 3110 1018 3142 ε
1031 3096 1074 3142 vili
1087 3099 1140 3145 vult
1155 3099 1275 3148 aestimari

193 3154 297 3215 semper?
307 3155 408 3216 Semper
421 3170 478 3215 ergo
487 3159 570 3205 tecum
585 3172 720 3220 pauperem
745 3174 771 3209 se
782 3163 890 3210 Christus
901 3164 945 3222 ,nt
957 3165 987 3210 ab
998 3166 1111 3213 omnibns
1121 3167 1228 3226 ematur,
1241 3182 1276 3217 nc

193 3223 282 3283 babes,
294 3225 319 3272 et
327 3224 383 3272 ideo
391 3226 503 3274 benefac.
513 3229 575 3274 Num
587 3228 661 3286 igitur
672 3230 721 3277 dii·
744 3229 800 3288 quis
809 3242 902 3290 pauper
910 3232 1072 3279 deterreatur.
1083 3234 1170 3290 Gratis,
1183 3235 1276 3298 inquit,

194 3290 258 3337 torre
275 3304 411 3351 pauperem
430 3293 520 3352 debes,
539 3296 598 3354 quia
622 3309 720 3357 semper
745 3302 877 3358 accepistis,
896 3303 969 3360 pratis
988 3304 1049 3349 date.
1071 3305 1203 3351 Pecumam
1225 3319 1276 3355 non

192 3360 274 3404 tecum
284 3362 331 3419 est,
342 3362 452 3408 sumtibi
461 3361 580 3421 Propheta
589 3362 654 3410 dicat
666 3377 672 3408 :
684 3366 719 3411 Ne
744 3367 978 3424 quaeritdivitiarum
986 3370 1099 3429 altitudo,
1108 3373 1274 3433 sedgratiarn.

192 3427 280 3474 dixeris
288 3429 415 3487 pauperi...
425 3429 483 3474 Cras
494 3427 569 3474 dabo?
576 3429 624 3475 Sed
634 3430 677 3476 ille
688 3431 719 3476 de
744 3436 798 3492 lpse
806 3448 850 3482 nos
857 3437 964 3495 pretioso
973 3440 1091 3496 sangnine
1100 3441 1216 3503 redemit,
1225 3459 1276 3495 non

192 3495 242 3541 sola
259 3495 427 3542 misericordia
439 3495 534 3541 locutus
550 3495 587 3541 est
599 3509 605 3539 :
618 3496 658 3542 bic
677 3509 719 3544 au·
744 3503 864 3549 vendidit.
881 3505 917 3550 De
936 3518 983 3564 qno
1000 3508 1099 3564 plenius
1119 3509 1275 3576 diceremus,

192 3567 243 3610 torn
255 3562 429 3611 misericordia
439 3562 513 3609 sidem
531 3564 652 3622 praetulit,
664 3579 718 3625 quae
743 3571 791 3617 nisi
802 3583 816 3616 a
827 3571 897 3618 uobis
908 3572 968 3631 ipsis
978 3573 1109 3621 tractatum
1118 3577 1177 3624 alibi
1188 3594 1276 3631 recob

192 3632 718 3696 tunebabetmerituru‚sitidepraeeedente,
744 3639 866 3686 duremur.

192 3700 341 3749 conteratur.
352 3705 445 3751 Mittens
455 3705 516 3750 enim
522 3708 665 3764 unguentum
676 3707 718 3753 boc
773 3709 812 3756 52.
824 3711 885 3768 Ergo
896 3711 1031 3759 secundnm
1043 3713 1106 3761 dictu
1118 3716 1232 3778 Domini,
1243 3723 1275 3767 ln

191 3765 400 3838 incertissimum,
412 3771 599 3830 adsepctiendum
609 3786 645 3818 rne
656 3774 716 3830 [ecit.
744 3792 788 3837 quo
809 3781 862 3826 srrnt
882 3779 985 3827 tbcsauri
1001 3784 1119 3840 sapientia
1134 3787 1155 3830 et
1170 3788 1274 3834 scientim

192 3829 244 3874 ΜΠ
255 3843 312 3888 θῐὲθ
322 3838 474 3892 unguentum
486 3839 611 3896 Dominus,
623 3842 667 3886 sed
677 3853 719 3886 ca·
743 3846 878 3906 absconditi,
887 3860 947 3907 quos
954 3861 1026 3896 nemo
1035 3851 1115 3908 potuit
1125 3853 1274 3914 praevidere,

193 3897 291 3943 ritatem
302 3898 406 3959 dilexit,
417 3904 490 3952 sidem
502 3905 623 3963 suscepit,
634 3906 718 3952 hurni-
743 3911 838 3971 operari
850 3924 890 3959 me
899 3915 994 3973 oportet
1006 3917 1032 3962 in
1042 3918 1192 3974 sepulturam
1201 3917 1272 3979 ejus3

133 3992 137 3999 ·
193 3965 288 4038 litatem
307 3967 428 4024 probavit.
744 3977 771 4022 nt
780 3989 835 4023 caro
844 3978 897 4036 ojus
907 3983 1068 4040 requievisse,
1076 3996 1125 4030 non
1134 3987 1273 4044 corruptio·

214 4032 718 4100 as.strusidesiderasautrimentorum
743 4055 799 4090 nem
810 4045 901 4114 vidisse
911 4049 1025 4096 credatur
1037 4063 1043 4095 :
1058 4052 1082 4097 ct
1091 4064 1154 4099 mors
1162 4053 1273 4112 corporis
