2752 4814
152 407 197 456 rar
323 376 328 381 ⁵
559 397 680 444 sanem
695 385 859 441 nunnosu'

151 504 200 541 non
208 487 291 550 qucat.
300 483 424 547 Siquidem
433 495 459 531 co
467 480 532 543 quod
539 457 681 538 decet,hof
705 476 825 536 scriptum
842 475 880 524 est
892 473 960 523 enim
972 488 978 520 :
992 475 1079 522 θιιιιιὶα
1097 475 1180 552 oestro
1198 472 1236 520 bo·

151 561 247 607 nostum
265 550 326 604 este
346 556 371 601 ct
391 551 456 613 quod
476 550 609 598 honesturn
628 548 678 605 cst,
703 548 764 592 ueste
781 545 848 603 fiant.
861 542 908 590 Sed
925 553 1056 604 possumus
1071 541 1098 589 et
1110 541 1235 588 hominem

152 627 235 686 dccet;
251 626 279 673 ut
295 622 413 682 magistu
427 630 538 668 sermone
553 615 678 664 distinctio
703 615 804 673 timere,
822 612 946 690 diligere,
965 622 1052 670 rogare
1064 610 1233 690 ,honorarer

151 694 198 752 sit,
211 704 285 752 quam
298 691 324 738 ln
334 688 427 738 virtute
439 684 563 732 discretio.
574 683 678 730 Differre
703 683 809 741 hymnus
828 681 970 741 specialiter
986 681 1038 726 Deo
1062 678 1166 726 dicatur.
1188 679 1234 725 lloc

152 759 218 806 enim
230 771 259 806 ea
267 758 331 806 inter
342 768 369 803 se
381 752 485 813 intelligi
496 750 588 811 potest,
598 749 679 808 expli·
703 753 826 812 tamqnam
842 750 1005 798 excellentius
1020 748 1119 796 caeteris
1136 749 1233 796 credere

152 827 203 875 cari
214 838 263 873 non
273 822 362 884 potest.
704 822 741 868 est
751 820 881 877 decorum,
892 819 958 879 quod
966 817 1105 866 deferimus
1113 819 1177 864 Deo.
1187 817 1232 863 llu-

181 881 238 943 229.
255 895 284 940 nt
299 894 329 941 ut
345 902 462 939 conemur
479 886 575 947 aliquid
592 896 678 933 eruere
703 882 790 935 liorem
805 900 902 947 quoque
920 887 946 934 iu
962 888 1052 935 habitu
1069 887 1157 934 ornato
1169 898 1232 932 oraro

152 962 328 1020 distinctionis,
338 959 453 1007 honestas
460 957 530 1005 velut
540 956 603 1002 bona
611 955 679 1001 vale·
704 958 819 1005 convenit
835 970 842 1003 z
858 957 901 1004 sed
920 956 1063 1017 specialiter
1084 969 1142 1003 earn
1164 956 1232 1002 docet

151 1031 212 1080 tudo
228 1031 279 1088 est,
291 1026 438 1089 etquenam
454 1023 584 1072 salubritas
594 1033 678 1081 corpo·
704 1038 772 1073 orare
783 1026 907 1083 velatam,
923 1025 949 1071 et
968 1037 1036 1071 orare
1048 1023 1232 1083 promittentem

151 1102 187 1149 ris
198 1115 205 1148 ι
217 1099 382 1148 decusautem
392 1096 517 1156 tamquam
525 1092 641 1141 venustas
654 1093 680 1139 et
704 1093 840 1142 castitatem
852 1103 909 1140 cum
924 1092 987 1140 hona
999 1091 1197 1139 conversatione.

150 1170 299 1234 pulcritudo.
311 1168 381 1215 Sicut
391 1178 447 1225 ergo
458 1163 598 1225 pulcritudo
606 1174 679 1221 super
925 1201 1010 1214 ‚-

151 1239 322 1286 salubritatem
342 1248 371 1283 ac
391 1232 560 1283 valetudinem
581 1230 679 1278 videtur

152 1310 292 1366 excellere,
303 1306 422 1353 ettamen
433 1303 487 1349 sine
504 1301 544 1348 his
563 1311 679 1347 essenon
839 1273 964 1327 CAPUT
990 1273 1098 1325 XLVI·

150 1377 246 1436 ll⁰i⁰⁸¹2
257 1386 338 1434 ”elue
349 1374 399 1420 ⁰¹¹⁰
409 1370 517 1431 separari
525 1367 610 1426 m⁰d⁰3
618 1378 678 1427 (1ΰο-
703 1390 833 1438 Proponant
844 1389 911 1426 nanus
924 1389 996 1427 deeora
1009 1389 1084 1428 navasco
1097 1402 1103 1428 ι
1117 1394 1168 1429 rum
1179 1396 1231 1440 poa

150 1444 218 1491 niam
229 1442 277 1490 nisi
286 1443 348 1488 bona
358 1440 474 1488 valetudo
483 1438 530 1496 sit,
540 1435 679 1495 pulcritudo
726 1454 790 1491 quam
797 1447 903 1481 ostensum
909 1443 1002 1490 estquod
1008 1443 1131 1482 secundum
1136 1449 1231 1483 naturam

152 1525 205 1560 esse
218 1524 246 1559 ac
256 1510 371 1558 venustas
379 1521 427 1556 non
437 1508 517 1568 potest
529 1520 535 1551 ι
548 1506 582 1552 sic
590 1505 679 1551 hones·
725 1499 750 1535 ⁵1¹
759 1524 765 1542 ι
775 1497 888 1534 ¹¹0¹¹0⁵t¹¹¹¹¹
899 1508 903 1534 ²
916 1496 974 1543 a¹¹⁰d
987 1507 1058 1539 secus,
1070 1501 1136 1545 turpe
1148 1509 1232 1536 censa-

151 1584 190 1630 tas
201 1580 317 1628 decorum
329 1579 392 1625 illud
403 1577 428 1623 in
437 1579 466 1624 'se
477 1574 600 1632 continet,
611 1573 639 1620 ut
649 1574 679 1619 ab
726 1549 792 1595 ‘¹⁰⁰⁸
805 1549 1034 1597 ⁰¹²¹¹¹¹³¹³⁸i¹¹¹²³¹¹³¹⁰f
1045 1549 1094 1588 ¹¹²⁰
1102 1551 1147 1598 ΨΜ
1157 1550 1231 1589 Μία

68 1675 71 1682 ·
151 1661 182 1698 ea
191 1648 329 1708 proiectum
340 1646 471 1703 videatur,
483 1645 508 1690 et
520 1643 572 1690 sine
584 1654 613 1689 ea
626 1655 678 1690 esse
733 1645 788 1692 25l.
806 1647 854 1692 Esr
864 1644 939 1704 igitur
955 1645 1075 1691 decorum
1091 1645 1159 1705 quod
1175 1659 1233 1706 pra·

151 1729 201 1765 non
209 1715 377 1776 possitivelut
385 1713 514 1761 salubritas
522 1711 597 1770 igitur
605 1712 679 1759 totius
704 1714 810 1774 eminet,
824 1714 894 1772 cuius
904 1713 992 1760 divisio
1004 1713 1106 1773 gemina
1117 1715 1165 1761 est.
1177 1717 1232 1762 itam

151 1785 234 1846 operis
251 1785 367 1844 actusque
381 1781 457 1829 nostri
467 1781 581 1827 honestas
592 1780 642 1840 est,
654 1782 680 1827 et
705 1783 870 1846 rstdecorum
882 1782 952 1842 quasi
967 1783 1103 1841 generale,
1117 1784 1184 1843 quod
1193 1797 1233 1844 per

151 1854 218 1903 sicut
233 1853 329 1914 species
343 1851 381 1900 est
396 1852 527 1907 decorum,
542 1849 607 1909 quod
623 1861 678 1895 cum
703 1851 890 1898 universitatem
908 1850 1019 1897 tunditur
1037 1851 1194 1909 honestatis,
1211 1855 1232 1899 et

150 1922 279 1971 honestate
299 1920 442 1978 contusum,
461 1918 576 1977 opinione
592 1917 680 1964 distin·
704 1919 772 1979 quasi
793 1920 820 1966 in
840 1921 892 1967 toto
914 1919 1040 1978 spectatur
1052 1925 1168 1980 'corpore
1181 1934 1188 1967 ι
1200 1923 1232 1968 est

151 1991 243 2052 guitur.
253 1991 313 2038 llam
324 1989 370 2038 etsi
382 1990 407 2035 in
419 1988 501 2048 aliquo
512 1985 679 2046 videaturex7
705 1988 779 2034 etiam
797 1987 917 2047 speciale,
935 1987 1001 2047 quod
1016 1988 1043 2034 in
1063 1989 1138 2047 parte
1155 1989 1231 2048 aliqua

151 2058 352 2118 cellere,tamen
361 2055 478 2102 inradies
486 2053 678 2112 esthonestatis,
704 2057 792 2102 enitet.
815 2056 878 2102 lllud
900 2056 1013 2113 generale
1034 2056 1071 2103 ita
1091 2057 1151 2116 est,
1170 2059 1231 2104 acsi

151 2127 195 2173 sed
205 2126 264 2172 ssorc
275 2120 413 2184 praecipuo,
424 2123 452 2169 ut
461 2121 514 2168 sine
526 2132 555 2167 ca
566 2121 678 2180 decidat,
704 2124 1037 2185 aequabilernlormamatque
1045 2125 1232 2175 universitatem

151 2195 180 2240 in
192 2206 220 2238 ca
231 2192 326 2238 floreat.
338 2190 401 2248 Quid
417 2190 486 2236 enim
503 2188 678 2251 esthonestas,
704 2194 838 2242 honestatis
861 2195 886 2241 in
909 2196 974 2242 omni
993 2196 1051 2243 actu
1075 2209 1122 2243 suo
1147 2197 1231 2243 habeat

151 2260 201 2307 nisi
216 2273 270 2319 quae
287 2257 468 2318 turpitudinem
485 2256 553 2316 quasi
575 2257 678 2326 mortem
703 2263 889 2321 concinentem;
902 2277 957 2310 cum
968 2265 1048 2310 omnis
1055 2258 1107 2311 vsibi
1120 2264 1176 2322 eius
1184 2265 1231 2311 vita

152 2327 250 2387 sagrata
267 2327 332 2385 Quid
352 2337 413 2374 vero
433 2326 608 2385 inhonestum,
630 2326 678 2372 nisi
704 2331 837 2390 consentit,
850 2344 896 2378 nec
907 2333 933 2378 in
944 2333 994 2379 ulla
1007 2333 1131 2391 aliquare
1144 2333 1230 2380 discre-

151 2395 375 2457 quonarrntatem
395 2405 423 2440 ac
445 2394 549 2441 mortem
567 2393 679 2441 adterat?
703 2399 745 2456 pat
754 2411 761 2443 ε
770 2399 817 2447 hoc
828 2401 950 2459 speciale,
961 2413 1018 2447 cum
1030 2402 1142 2466 aliquem
1154 2405 1229 2450 actam

151 2465 252 2512 virente
261 2464 336 2524 igitur
345 2462 480 2510 substantia
488 2463 596 2522 virtutis,
606 2462 679 2511 deco·
703 2467 728 2513 in
737 2468 788 2514 suis
796 2468 871 2515 habet
879 2469 1011 2516 virtutibus
1018 2467 1228 2529 praeminentem.

151 2546 207 2582 rum
228 2534 291 2580 illud
309 2534 432 2591 tamquam
443 2531 488 2579 llos
506 2532 610 2590 emicat,
621 2533 678 2592 quia
732 2537 787 2583 239..
800 2537 877 2583 Simul
891 2538 952 2584 illud
963 2538 1066 2585 adverte
1078 2540 1146 2597 quod
1156 2541 1181 2586 et
1193 2540 1229 2587 de

151 2601 223 2648 radix
238 2603 305 2650 salva
317 2602 371 2648 est:
384 2601 410 2647 at
421 2611 481 2647 vero
491 2599 611 2658 propositi
622 2607 679 2646 nos·-
703 2617 786 2651 corum
798 2605 835 2653 est
846 2607 980 2653 secundum
998 2607 1113 2652 nonnam
1134 2602 1228 2666 uivere,

151 2669 183 2718 tri
193 2669 276 2717 radice
287 2670 389 2728 vitiosa,
398 2669 462 2715 nihil
474 2668 603 2727 germinat.
703 2673 836 2719 secundum
844 2675 956 2720 naturam
964 2675 1065 2733 degere,
1075 2675 1101 2721 ct
1106 2676 1179 2736 turpe
1188 2679 1228 2735 est,

180 2738 235 2786 250.
255 2739 336 2785 llabes
354 2738 400 2784 hoc
411 2738 436 2783 in
447 2737 535 2783 nostris
554 2738 677 2796 aliquanto
702 2741 893 2799 quodsitcontra
908 2742 1080 2789 naturamhil
1094 2745 1165 2790 enirn
1175 2747 1229 2804 Apo

150 2807 299 2865 expressius.
311 2805 451 2851 bicitenim
459 2805 678 2852 Davidzliominus
702 2810 777 2856 stolus
784 2811 853 2869 quasi
862 2811 1105 2870 interrogansrflecet
1113 2814 1228 2860 mutierem

150 2876 267 2934 renuerit,
284 2875 387 2920 decorem
405 2875 487 2919 indoti.
506 2874 535 2919 Et
552 2873 677 2931 Apostolus
702 2881 858 2925 aonvetatam
867 2879 1229 2941 ororeDeuthecipaonots·

151 2943 200 2988 ait:
211 2943 275 2989 Sicut
283 2943 309 2988 ta
317 2943 366 2998 die,
375 2941 466 2988 honeste
474 2941 600 2988 ambulate.
608 2942 677 3000 Quod
701 2961 730 2994 ra
746 2949 810 2994 docet
823 2961 864 2996 oos
880 2950 941 3008 qood
954 2951 992 2996 ori·
1007 2951 1101 3009 quidem
1111 2952 1134 2997 si
1143 2964 1229 2997 mnam

150 3009 228 3056 Graecl
249 3008 334 3055 dicunt
353 3023 505 3067 ευσχιιμονως,
529 3010 575 3056 hoc
594 3012 676 3057 autern
702 3015 980 3076 habcot‚ipnominiaest
995 3019 1230 3079 ittt;quoniamcon·

149 3076 249 3137 proprie
269 3076 402 3135 significat,
418 3076 481 3123 bono
497 3077 597 3136 habitu,
613 3077 676 3125 bona
702 3086 740 3129 tra
756 3087 867 3131 autorem
883 3085 932 3133 est?
942 3087 972 3132 ut
982 3085 1076 3132 iterum
1087 3087 1151 3133 dicit
1162 3100 1170 3134 τ
1181 3090 1230 3134 illu·

149 3144 677 3204 specte.heusergoprimumnominemcum
701 3153 743 3198 tier
751 3167 805 3200 cero
813 3156 834 3201 si
843 3156 937 3215 capillos
947 3155 1032 3202 habeat
1038 3187 1048 3213 ‚
1061 3157 1140 3216 plorr'o
1150 3161 1184 3205 est
1191 3159 1229 3204 aas

150 3212 281 3272 conderet,
289 3212 352 3259 bona
360 3212 519 3272 habitudine,
527 3214 591 3261 bona
599 3228 677 3263 mem·
701 3220 742 3267 Est
752 3222 819 3268 enim
830 3223 965 3269 secundum
975 3226 1103 3284 naturam,
1117 3226 1229 3285 qnoniam

149 3281 248 3328 brorum
256 3282 430 3341 compositione
440 3282 566 3341 formavit,
578 3285 603 3332 et
611 3286 677 3345 opti·
700 3288 799 3346 quidem
811 3291 894 3349 capilli
906 3303 950 3349 pro
962 3293 1089 3340 velamine
1099 3298 1177 3353 sunt,
1188 3294 1229 3340 hoe

150 3361 214 3396 mam
232 3349 257 3397 ei
274 3346 383 3409 speciem
401 3351 477 3399 dedit.
496 3352 675 3402 Remissionem
701 3357 815 3404 estenim
832 3359 944 3406 naturale
955 3361 1080 3408 velamen.
1099 3363 1229 3408 Personam

150 3429 198 3467 non
212 3416 313 3466 dederat
329 3416 485 3478 peccatorum
496 3433 503 3468 a
514 3420 559 3468 sed
577 3423 675 3481 postea·
700 3427 774 3485 igitur
784 3427 855 3473 nobis
865 3428 891 3474 et
902 3429 1010 3488 speciem
1020 3430 1111 3476 natura
1121 3431 1178 3490 ipsa
1186 3431 1229 3478 dis
1257 3477 1262 3487 ,

147 3488 358 3548 qnamrenovavit
368 3501 424 3535 euin
435 3489 540 3548 spiritu,
550 3491 675 3540 etiniudit
700 3497 797 3553 pensat,
814 3508 888 3555 quam
903 3509 1002 3543 servare
1018 3497 1144 3546 dehemus
1160 3513 1168 3545 ι
1184 3498 1229 3548 uti·

148 3557 172 3604 ct
183 3548 299 3616 ¹graetiam,
307 3556 349 3617 qui
357 3559 459 3605 venerat
470 3558 496 3605 in
506 3559 571 3606 servi
583 3560 673 3622 torma,
699 3576 803 3624 namque
819 3567 844 3612 et
854 3564 1022 3612 innocentiam
1034 3565 1090 3623 ejus
1105 3569 1228 3624 custodire

148 3627 174 3673 st
184 3626 210 3675 in
221 3623 328 3673 hominis
338 3626 421 3685 specie
432 3626 550 3675 adsumsit
561 3628 674 3677 decorem
698 3633 831 3691 possimus,
841 3645 889 3680 nec
901 3635 1026 3693 acceptam
1040 3636 1127 3683 nostra
1137 3637 1229 3684 malitia

147 3694 307 3743 redemtionis
330 3694 452 3743 humanae.
478 3698 507 3745 nt
531 3697 586 3745 ideo
610 3700 674 3747 dixit
699 3702 814 3748 mutaret.

147 3763 267 3821 Propheta
278 3777 286 3808 ι
297 3766 413 3813 mutnus
429 3768 534 3825 repararit
543 3799 552 3824 ,
570 3769 672 3815 decorem
727 3771 782 3816 253.
802 3769 882 3818 llahes
898 3772 945 3819 hoc
961 3770 1078 3818 decorum
1095 3775 1227 3833 generale,
1250 3806 1253 3810 -

147 3831 231 3877 induit.
241 3830 334 3878 Deinde
343 3833 403 3880 alibi
412 3833 487 3881 dicit:
499 3837 530 3881 Te
537 3836 598 3881 decet
606 3837 673 3895 bym-
698 3837 755 3896 qiiia
766 3838 825 3885 lecit
835 3840 901 3887 Deus
908 3841 995 3887 mundi
1004 3840 1075 3888 istius
1082 3844 1229 3903 pulcritudi-

147 3909 206 3952 ous,
224 3900 300 3955 Dera,
317 3901 343 3945 ιἰι
361 3903 432 3961 Sion5
451 3901 498 3947 hoc
515 3901 553 3947 est
570 3901 672 3951 dicere:
697 3917 763 3950 irem.
783 3906 863 3954 Habes
882 3908 907 3955 et
922 3921 968 3967 per
984 3909 1082 3969 partes,
1097 3911 1161 3970 quia
1176 3925 1228 3960 rum

147 3951 280 4011 llonestnm
291 3967 366 4013 estut
382 3972 408 4015 te
418 3969 564 4028 timeamus,
576 3969 601 4016 tc
613 3970 673 4018 dili·
698 3972 790 4020 iaceret
805 3976 870 4024 Deus
885 3977 981 4036 lucem,
992 3979 1018 4025 et
1029 3978 1097 4024 diem
1114 3982 1228 4028 noctem»

146 4032 670 4101 prmus,teprccemur,tehonoriticemus3
696 4055 744 4102 quc
753 4043 923 4106 distingueret,
933 4060 989 4094 cnm
997 4045 1118 4097 conderet
1127 4044 1228 4109 conium,
