2752 4814
132 354 194 425 ,ξω
535 369 664 416 sineri
685 368 854 414 anbrosii

172 451 212 498 56.
221 447 360 498 Sedtabula
371 447 418 497 etsi
427 445 478 495 rim
486 451 618 497 nonhabet
629 463 674 498 re·
699 451 797 509 caeteri,
806 451 882 496 immo
890 447 967 496 etiam
973 445 1068 496 minori
1076 446 1172 509 pretio.
1180 445 1240 507 Quid

124 559 132 577 ,
143 518 237 578 ritatis,
247 519 309 566 bane
320 520 404 565 nmen
414 519 534 566 rationem
545 520 635 578 babet,
644 519 673 566 ut
699 517 740 565 hic
752 518 833 564 iraudi
843 518 894 576 ost,
902 529 960 564 cnm
969 518 1045 564 inniti
1058 519 1166 578 posent
1175 517 1241 578 peri-

142 589 165 636 ei
176 587 252 647 possit
263 587 343 633 celare
355 599 381 633 se
390 586 531 645 viriosas,
543 589 627 634 tamen
638 588 672 634 ita
700 586 780 633 clitari
788 587 825 645 ,si
835 599 886 633 non
895 585 1019 633 baberent
1028 587 1102 647 qnod
1112 584 1239 634 emerent?

142 658 273 716 peccatum
291 655 416 714 declinet,
432 656 500 716 quasi
519 657 600 704 celare
623 668 674 704 non
699 652 1036 702 llumindustriaincrimen
1044 653 1238 703 vocaturtiium

142 726 236 784 possit:
247 737 294 771 nec
301 736 428 784 personam
439 737 508 771 suam
518 725 619 773 indutus
630 738 674 772 an-
699 723 828 782 diligentia
839 721 1054 783 reprebenditnri
1072 725 1141 770 Ituna
1158 723 1239 784 prori-

142 791 242 851 nulum‚
252 792 295 838 sed
306 792 381 838 vitam
391 804 460 839 snam
468 793 590 840 Christum
599 794 673 840 indu·
699 791 784 837 dentia
793 788 968 851 vituperatur?
982 791 1100 839 tortam
1116 792 1200 840 dicat:
1211 791 1238 840 rt

143 857 602 920 tusabscondat,sicuttpostoiusait:
612 863 673 922 Quia
698 858 956 918 losepbirumentain
963 859 1123 907 abundantia
1130 860 1236 919 collegit,

142 929 192 974 cllo
202 931 282 974 norbo
292 928 428 975 abscondito
438 931 471 976 cet
481 943 534 975 cnm
546 930 638 978 cbristo
647 935 673 976 ira
698 927 725 974 in
736 929 837 975 caritate
846 928 967 975 vendidit.
976 926 1042 975 lium
1052 929 1142 976 carius
1151 929 1237 988 aliquia

136 996 201 1044 dire.
218 997 294 1043 Nemo
309 1009 366 1055 ergo
384 997 426 1044 bic
443 996 538 1057 fulgere
562 1000 672 1058 quaerat,
699 1009 782 1043 emere
791 996 964 1057 compellitur?
971 997 1037 1043 itum
1047 999 1091 1045 vis
1102 998 1237 1045 adhibebit

142 1075 215 1110 nemo
224 1065 271 1111 sibi
282 1066 391 1124 amoget,
402 1078 476 1113 nemo
486 1079 513 1113 se
528 1067 614 1124 jactet.
626 1068 673 1113 lio-
698 1064 1235 1127 emtoriiomnibusdetertnrernendicopia,

141 1131 209 1180 lebat
218 1146 244 1180 se
261 1135 369 1182 Christus
379 1135 420 1182 bic
437 1135 563 1194 cognosci,
573 1136 673 1185 nolebat
697 1134 760 1180 nulii
771 1135 893 1193 irrogatur
904 1133 1006 1190 iniuria.

141 1203 270 1262 predicari
287 1203 314 1249 in
335 1205 467 1263 Evangelio
478 1217 569 1251 nomen
587 1218 672 1266 suum,
727 1200 766 1248 tt).
779 1203 824 1248 liis
835 1200 912 1260 igitur
921 1203 1041 1260 quantum
1053 1202 1180 1262 cuiusque
1191 1202 1234 1249 tert

142 1282 198 1316 cum
214 1271 240 1318 in
257 1273 330 1318 terris
344 1274 502 1319 versaretur:
516 1274 585 1320 venit
599 1275 673 1321 utla—
697 1269 824 1329 ingenium
832 1270 976 1329 disputatis,
985 1272 1105 1328 exsurgit
1112 1273 1190 1331 alius,
1199 1271 1234 1316 di·

141 1342 207 1388 teret
230 1343 346 1389 wentam
367 1343 424 1389 boc.
445 1343 474 1388 et
495 1355 539 1389 nos
562 1357 619 1402 ergo
638 1345 673 1391 si·
697 1353 775 1386 cens:
792 1342 858 1386 Bona
874 1339 976 1399 quidem
993 1339 1167 1400 agricultura,
1183 1353 1235 1400 quar

141 1409 197 1454 mili
208 1410 279 1456 modo
289 1411 464 1457 abscondamus
476 1412 554 1457 vitam
565 1414 671 1459 nostram
697 1409 790 1457 tractus
798 1408 923 1455 ministrat
930 1409 1234 1469 omnibusqnaesimplici

141 1477 230 1524 Christi
241 1480 370 1538 exemplo,
380 1478 502 1537 fugiamus
515 1478 672 1540 iactantiam,
697 1477 818 1524 industria
826 1477 965 1524 accumulat
974 1479 1105 1524 terrarum
1116 1477 1235 1525 ioecundi·

142 1545 270 1603 praedicari
287 1559 334 1592 non
345 1546 526 1604 exspectemus.
536 1547 624 1593 Metius
636 1551 672 1596 est
697 1546 788 1603 tatem,
799 1546 863 1592 nihil
871 1546 936 1604 doli,
944 1545 1009 1592 nibil
1018 1545 1120 1594 fraudis
1131 1547 1234 1593 interse-

142 1611 184 1656 bic
201 1623 254 1657 esse
272 1612 298 1657 in
316 1612 470 1669 humilitate,
487 1612 522 1657 ibi
540 1612 568 1658 in
584 1614 671 1672 gloria.
696 1627 762 1660 rens.
775 1615 888 1673 Denique
898 1615 919 1662 si
935 1614 995 1674 quid
1007 1614 1066 1660 vitii
1079 1614 1234 1673 tuerit,ptua

142 1680 203 1726 (lum
218 1681 336 1737 cbristus,
351 1681 447 1740 inquit,
457 1685 606 1741 apparuerit,
618 1685 672 1730 tunc
697 1683 821 1744 dispendii
829 1684 943 1743 est3quia
953 1684 973 1730 si
984 1683 1051 1730 bene
1060 1685 1158 1742 aliquis
1164 1682 1234 1731 serni·
1260 1737 1263 1743 ,

142 1749 165 1795 ct
174 1761 215 1796 coa
224 1761 277 1796 arn
287 1749 326 1797 cllo
337 1750 479 1810 apparebitis
488 1751 515 1798 ia
525 1751 610 1811 glorio.
697 1753 806 1811 naverit,
828 1753 918 1800 melino
935 1753 1016 1799 metet
1036 1765 1044 1797 :
1064 1753 1089 1799 si
1111 1753 1233 1800 sincerum

372 1851 447 1865 -.
697 1822 775 1869 tritici
783 1834 885 1881 granum
891 1821 1142 1881 severit,pnriorem
1150 1823 1234 1869 acun-

306 1917 435 1971 a...
455 1919 510 1972 v1·
697 1890 1233 2020 intercatiensem

142 2009 550 2056 masmanoeemorumenrum
559 2019 672 2056 ΜΨ·
696 2029 776 2075 fidelis
793 2041 852 2086 ager
865 2029 998 2075 ioeneratos
1013 2028 1082 2074 solet
1100 2029 1231 2074 restituero

165 2068 217 2101 tere.
223 2062 280 2112 Quid
287 2061 401 2099 obtendere
406 2064 483 2100 soleant
491 2064 529 2110 qui
537 2074 549 2098 a
557 2063 673 2100 frumentis

165 2117 254 2154 lucrum
264 2119 348 2162 captant
355 2127 361 2151 a
368 2115 448 2162 quidve
456 2115 498 2151 illis
506 2116 579 2151 debeat
589 2124 672 2161 respon·
697 2100 840 2158 Pfflitssllb'·

166 2170 226 2206 deri?
244 2169 286 2205 Ubi
302 2169 380 2204 eisdem
399 2168 523 2215 Evangelica
539 2169 638 2215 parabola
651 2173 672 2207 ct
727 2165 767 2212 stt.
778 2168 813 2211 De
831 2165 954 2213 reditibus
964 2165 1043 2224 igitur
1051 2166 1145 2213 uberis
1155 2165 1228 2224 gleb

165 2222 608 2268 ⁵¹¹⁰¹¹¹⁰”³⁵‘¹¹²¹²⁸¹¹¹’⁰‘¹¹¹³⁵¹³⁰”'¹¹¹¹¹¹‘·
697 2238 840 2293 exspectare
849 2234 925 2281 debes
933 2233 970 2279 tui
978 2233 1126 2280 mercedem
1138 2233 1232 2289 laboris,

172 2303 212 2349 57.
221 2303 277 2349 lion
284 2301 366 2348 vincat
374 2301 450 2360 igitur
458 2302 612 2349 honestatem
621 2304 672 2350 uti·
697 2303 728 2350 de
739 2302 868 2349 fertilitate
884 2302 983 2362 pinguis
992 2302 1040 2348 soli
1056 2302 1232 2360 justaspenre

142 2371 214 2428 litas,
232 2369 275 2416 sed
297 2370 412 2416 honestas
430 2370 589 2417 utilitatem:
609 2372 671 2420 banc
697 2370 909 2431 compendiacnr
925 2369 958 2416 ad
973 2368 1090 2415 fraudem
1112 2368 1232 2416 convertis

139 2440 198 2493 dico
208 2439 354 2496 utilitatem,
365 2451 420 2497 quae
430 2439 566 2485 aestimatur
581 2453 672 2487 secun-
696 2442 790 2487 naturae
802 2436 965 2486 industriam?
975 2439 1024 2484 Cur
1034 2438 1140 2486 inrides
1151 2438 1231 2484 usibus

141 2508 200 2556 dum
212 2506 277 2564 vulgi
288 2507 438 2567 opinionem.
446 2507 605 2554 bioriisscetur
614 2521 672 2554 ara·
697 2508 823 2555 hominum
834 2507 947 2567 publicos
958 2505 1065 2567 partus?
1075 2509 1128 2554 cur
1138 2506 1232 2566 populis

140 2577 213 2635 ritia,
224 2576 343 2623 moriatur
352 2576 557 2636 concupiscentia.
570 2577 672 2624 Sanctus
697 2577 788 2623 minuis
798 2574 991 2622 abundantiam!
1001 2577 1052 2622 Cur
1065 2577 1172 2625 auectas
1182 2577 1231 2622 ino·

140 2646 168 2692 in
189 2645 381 2704 negotiationem
403 2646 515 2692 introisse
534 2658 560 2693 se
580 2649 668 2706 negat3
695 2643 780 2703 piam?
797 2647 844 2692 Cur
861 2645 941 2704 optari
960 2643 1022 2691 iacis
1044 2657 1060 2691 a
1080 2645 1231 2705 pauperibus

140 2716 199 2775 quia
210 2714 345 2773 pretiorum
353 2716 452 2772 captare
463 2713 614 2760 incrementa
623 2728 671 2761 non
697 2714 871 2762 sterilitatem?
887 2715 947 2760 Cum
967 2714 1037 2760 enim
1053 2727 1109 2761 non
1125 2713 1233 2762 sentinat

140 2782 372 2842 simplicitatis‚sed
382 2783 496 2829 versutiae
509 2783 554 2828 est.
567 2783 596 2829 Et
607 2783 671 2829 alius
696 2781 818 2829 beneficia
836 2782 1017 2840 ioecnndilatis,
1028 2783 1054 2828 te
1071 2783 1232 2829 auctionante

140 2851 177 2898 ait
193 2854 315 2910 :cogitans
332 2852 406 2912 prelio
424 2851 549 2908 frumenti,
562 2851 672 2898 moledic—
696 2851 817 2910 pretium,
830 2852 854 2897 te
866 2851 987 2897 condente
1000 2850 1175 2907 trumentum,
1192 2863 1230 2908 op-

140 2925 178 2970 oo
189 2921 283 2979 inplete
293 2922 334 2967 cat.
696 2921 748 2965 tant
757 2921 909 2979 potiusnihil
918 2920 995 2979 nasci,
1003 2933 1081 2977 quam
1091 2922 1118 2966 te
1128 2921 1160 2967 de
1169 2920 1231 2966 tame

172 2988 210 3033 38.
229 2987 332 3033 Detinita
343 2988 381 3033 est
399 2987 535 3046 sententia,
546 2989 611 3035 nihil
622 2989 671 3037 dis-
696 2989 794 3047 publica
810 2988 938 3048 negotiari.
950 2989 1035 3034 Ambis
1045 2988 1229 3036 frumentorum

141 3056 262 3117 putationi
273 3056 428 3114 relinquens,
444 3058 516 3114 quale
529 3063 671 3104 controver-
696 3058 872 3117 indigentiam,
891 3058 1068 3104 alimentorum
1084 3058 1231 3116 penuriam,
1287 3078 1291 3082 ·

141 3137 194 3171 sum
204 3136 281 3181 genus
291 3124 352 3169 solet
360 3124 458 3169 dicendi
467 3137 520 3171 esse
527 3158 535 3183 ,
543 3138 600 3171 cum
608 3127 671 3172 alins
696 3127 836 3173 uberessoli
843 3128 928 3186 partus
935 3126 1088 3184 ingemiscis,
1095 3125 1145 3172 ties
1152 3125 1232 3184 publi·

141 3191 229 3249 allegat
245 3190 418 3248 agriculturam
435 3193 588 3239 laudabilem
604 3195 670 3253 apud
696 3207 748 3240 cam
762 3195 930 3251 fertilitatem,
941 3194 1030 3240 horrea
1042 3193 1149 3252 tragum
1159 3194 1230 3254 plena

140 3272 225 3307 omnes
234 3259 335 3317 haberi,
348 3260 441 3307 tructus
456 3263 528 3308 terrae
544 3261 671 3323 simplices
696 3264 818 3323 deploras,
826 3265 939 3323 exploras
946 3262 1045 3322 quando
1056 3264 1171 3309 sterilior
1178 3275 1232 3322 pro·

141 3341 207 3389 ease,
219 3328 274 3388 pins
284 3331 326 3390 qui
336 3330 495 3378 seminaverit
505 3344 536 3378 eo
546 3333 671 3391 probatio-
695 3335 784 3378 ventus
791 3332 837 3390 sit,
848 3332 945 3392 quando
954 3331 1045 3377 exilior
1053 3333 1154 3389 partus.
1164 3332 1231 3378 Votis

140 3412 193 3446 rem
210 3400 276 3460 iore,
294 3400 421 3447 uberiores
432 3402 527 3448 reditus
543 3402 671 3450 industrie
695 3402 746 3447 tuis
760 3401 852 3459 gaudes
875 3401 984 3447 arrisisse
1000 3399 1185 3458 maledictum,
1204 3402 1231 3447 at

139 3480 188 3515 non
197 3466 318 3526 fraudari,
328 3468 503 3528 negligentiam
512 3469 588 3526 magis
600 3470 625 3515 et
634 3470 671 3515 in·
695 3469 1116 3528 nihilcuiquamnasceretur.'l'unc
1124 3481 1230 3516 messem

139 3536 232 3584 curiam
244 3536 309 3583 ruris
319 3536 407 3582 inculti
418 3536 568 3595 reprebendi
580 3538 669 3583 solere.
696 3539 762 3583 tuam
770 3538 867 3585 vertisse
883 3538 985 3594 laetaris,
995 3538 1054 3583 tunc
1065 3537 1118 3584 tibi
1131 3537 1165 3584 de
1179 3550 1232 3584 om-

169 3606 209 3653 59.
218 3605 305 3664 aravi,
313 3603 408 3663 inquit,
416 3605 560 3663 studiosius,
570 3605 671 3652 uberius
694 3605 764 3652 nium
773 3607 872 3653 miseria
884 3605 995 3664 congeris
1001 3619 1062 3666 opes
1070 3618 1077 3650 ε
1085 3608 1115 3663 et
1126 3607 1194 3653 banc
1205 3608 1233 3653 tn

138 3674 275 3733 seminavi,
292 3673 435 3733 diligentius
461 3674 575 3734 excolui,
594 3674 670 3721 bonos
695 3674 840 3721 industriam
863 3687 951 3730 vocas,
975 3673 1040 3719 banc
1069 3673 1232 3734 diligentiam

140 3742 227 3800 collegi
239 3742 669 3802 proventus,sollicitiusrecondidi,
695 3740 1234 3802 nominas,quaecalliditatisrersutia,quar

142 3810 236 3855 servavi
262 3811 383 3869 fideliter,
406 3812 510 3871 provide
537 3813 669 3859 custodivi.
695 3811 785 3858 astutia
796 3810 889 3856 fraudis
898 3811 984 3867 est3et
994 3810 1040 3856 boc
1052 3808 1234 3856 turemedium

140 3877 208 3922 Nunc
216 3878 241 3922 iu
251 3880 360 3938 tempore
369 3880 440 3928 tamis
447 3881 541 3940 vendo,
550 3881 670 3928 subvenio
695 3893 781 3937 vocas,
793 3880 857 3939 quod
868 3882 905 3926 est
917 3880 1086 3925 commentum
1096 3879 1234 3938 nequitie.

141 3943 305 3990 esurientibus
323 3959 330 3990 z
350 3947 428 3994 vendo
451 3947 602 3994 trumentum
621 3959 670 3994 non
695 3948 860 3994 latrocinium
871 3948 932 4006 boc,
943 3959 975 3993 au
988 3946 1070 3992 foenus
1084 3944 1237 4007 appellem?

142 4010 425 4074 alienum,sedmeum;
441 4028 491 4064 non
510 4015 670 4077 plurisquam
694 4015 828 4076 captantur
837 4017 961 4077 umquam
971 4014 1095 4063 latrocinii
1109 4018 1239 4077 tempora,
