2760 4808
145 360 193 420 llil
544 370 841 417 saucrrsumaosrr
936 367 941 372 ·
1012 368 1017 373 ·
1077 369 1082 375 ·
1145 372 1150 376 -
1207 371 1220 380 c

146 456 298 505 emersurum
309 454 416 502 saltuum
433 451 530 501 secreta
544 451 673 511 deserere,
698 452 894 502 Dominodicat:
907 450 939 504 ru
948 453 1189 506 tumultuosum
1199 461 1233 507 ei·

146 524 193 574 niel
204 524 264 573 sciat
272 523 318 571 sibl
331 522 461 570 momentis
471 521 586 568 omnibus
594 521 674 567 immi·
698 522 751 568 dere
761 523 877 570 ciuitatem
887 526 909 572 cl
924 527 1027 583 turrim,
1042 535 1116 585 quom
1133 527 1235 584 oediticc-

146 604 205 641 nere
216 590 375 653 supplicium.
385 590 533 648 Plerumque
542 589 607 635 enlm
618 589 675 648 qui·
698 592 750 636 rent
769 590 814 649 tilii
831 590 970 638 lominuml
990 591 1043 650 Qua
1062 604 1137 640 causa
1156 594 1233 640 etiarn

145 661 192 709 bos
207 660 359 710 incentivum
381 659 419 707 cst
436 658 583 719 impunitas,
600 658 675 705 timor
699 656 765 704 dicat
782 659 902 718 Propheta
920 660 948 708 in
968 660 1104 707 Psalterios
1116 664 1246 712 lloruiuus‘¹

146 728 219 778 asaro
228 728 276 776 est.
698 729 800 786 rupesit
809 731 879 788 super
887 728 947 786 filios
961 729 1099 789 bominum
1116 732 1181 778 sissi
1194 734 1235 777 ir·

78 797 81 801 ’
174 797 229 848 ill.
246 798 304 847 ideo
324 810 383 858 erge
396 796 449 845 dixi
466 796 525 858 quia
540 795 604 844 scire
624 807 673 842 non
699 794 813 854 teliiqess,
827 798 868 842 out
885 798 1108 856 requirensbsomp
1124 798 1233 858 quasiet

144 866 272 927 proderat,
284 866 359 912 immo
375 865 490 926 proderat
507 865 634 924 ignorare3
645 865 674 909 ut
698 860 750 908 illic
766 863 787 910 si
802 875 850 910 non
865 863 1027 912 descenderet
1042 867 1128 926 Deus,
1144 867 1172 914 et
1189 867 1246 915 bie¹

144 935 284 998 ignorantes
298 936 458 994 timeremus,
469 935 497 982 ut
515 933 673 982 observantes
698 930 719 975 sl
735 942 784 977 non
798 933 950 993 prospiceret
963 933 1092 991 Dominus,
1103 935 1146 981 sut
1155 946 1236 995 opera·

143 1005 347 1065 emendaremur,
356 1005 420 1052 sicut
436 1004 488 1065 ipse
500 1004 564 1052 dixit
576 1016 583 1051 a
595 1005 674 1051 liciole
698 997 827 1047 homiuum
838 1001 961 1061 ignoraret
977 1003 1019 1049 aut
1030 1002 1141 1052 merita?
1243 1016 1245 1037 2

143 1077 232 1137 paragr,
243 1077 299 1136 quic
309 1076 456 1136 „egerium
467 1075 528 1122 pm
545 1075 620 1121 pum
630 1073 675 1120 po.
728 1066 783 1114 iit.
800 1068 848 1117 Sed
865 1070 941 1117 etiam
959 1070 986 1118 in
1006 1071 1243 1130 Evangelicbabes

143 1145 215 1192 minis
224 1146 335 1192 maturus
352 1146 394 1192 est.
410 1144 517 1203 Namque
534 1143 606 1190 miles
625 1140 674 1189 nisi
698 1136 831 1184 secundum
853 1139 958 1199 Lucam,
976 1139 1035 1201 qnia
1057 1141 1132 1187 Pater
1151 1140 1244 1189 dieite

144 1211 238 1260 bellum
248 1213 275 1260 in
283 1213 395 1260 manibus
404 1225 457 1261 esse
467 1212 675 1271 cognoscat,prre·
699 1206 760 1264 Quid
768 1205 873 1264 focium?
882 1209 976 1255 Mittam
983 1209 1059 1265 filium
1068 1222 1149 1255 meum
1161 1210 1234 1256 duces

144 1280 247 1329 tendere
257 1293 306 1329 non
317 1281 386 1329 novit
396 1282 422 1328 in
432 1282 527 1329 castris.
699 1274 824 1331 'millitis
835 1277 935 1333 ioffliuu
945 1275 1007 1323 huuc
1027 1277 1178 1324 assuantur.
1188 1277 1233 1324 Se·

175 1348 229 1401 2¹2·
241 1350 310 1397 Unde
321 1349 379 1397 aiibi
389 1360 485 1409 quoque
493 1348 547 1407 ipse
555 1347 674 1394 Dominus
698 1340 804 1389 cundum
825 1343 965 1391 liattbaeum
976 1345 1076 1403 autem,
1096 1345 1125 1393 et
1139 1357 1241 1393 secun-r

144 1419 308 1477 iuterrogatus
317 1419 348 1465 ab
359 1416 486 1477 apostolis,
505 1416 619 1474 inquam,
630 1413 672 1473 qui
698 1407 757 1454 dum
765 1411 871 1458 Marcum
879 1410 969 1459 babes:
979 1414 1097 1473 Quoniam
1105 1416 1169 1462 misit
1179 1415 1239 1462 sui·

145 1488 232 1548 ntique
244 1500 292 1534 non
311 1487 375 1534 sicut
390 1485 474 1533 Arrius
487 1483 673 1543 intelligebant,
697 1488 752 1523 cum
767 1479 842 1535 {ilium
861 1492 942 1537 suum,
961 1482 1037 1528 dismas
1055 1496 1064 1528 .-
1082 1482 1241 1530 Verebanturv

145 1556 189 1604 sed
200 1554 289 1602 Filium
297 1554 434 1602 bellatura
449 1553 513 1600 scire
523 1550 676 1608 credebaris
696 1545 771 1600 uuum
779 1560 864 1594 meana.
876 1550 905 1595 ln
915 1560 966 1596 uno
979 1549 1044 1595 libro
1055 1549 1119 1598 dicit
1132 1563 1139 1596 a
1150 1553 1231 1598 Forsi-

144 1635 202 1670 nam
218 1623 265 1670 nisi
284 1624 330 1669 hoc
342 1621 520 1678 credidissent,
537 1629 673 1678 numquam
698 1616 739 1660 tau
749 1617 901 1674 verebuntur,
913 1618 940 1665 et
949 1619 1020 1681 quasi
1032 1620 1150 1667 nesciens
1161 1620 1239 1668 dubi·'

144 1689 521 1750 intenogassentrmterrogalus
531 1696 673 1745 ergoquan·
697 1680 746 1740 tais
759 1694 815 1728 nam
826 1685 867 1732 lric
884 1698 965 1734 sermo
981 1686 1121 1735 dubitantis
1140 1689 1194 1736 est:
1205 1689 1231 1737 in

145 1761 176 1809 de
196 1758 339 1809 restitueret
359 1769 461 1818 regnum
483 1755 572 1814 lsrael,
584 1766 634 1801 non
646 1764 673 1800 se
698 1749 792 1798 dnobus
803 1757 886 1801 autem
894 1755 951 1802 aliis
962 1754 1033 1801 libris
1045 1767 1052 1801 a
1066 1757 1229 1815 Versbuutur,

145 1831 241 1879 nescire
252 1829 330 1888 dixit,
345 1827 389 1875 sed
400 1826 435 1873 aii
446 1839 453 1872 a
464 1827 519 1874 Nou
528 1826 562 1872 cst
570 1825 673 1873 uestrum
698 1821 792 1880 inquit,
802 1823 876 1880 tilium
885 1837 978 1884 meum3
987 1823 1033 1871 boc
1042 1823 1095 1884 est,
1105 1826 1230 1874 confirmat

145 1904 203 1951 scire
212 1905 315 1961 tempos-u
325 1902 347 1946 st
355 1911 443 1954 onnus,
456 1909 507 1958 quoe
517 1897 590 1942 Pater
598 1892 675 1954 posuit
698 1890 862 1937 reverentiam
875 1891 1043 1941 deferendam.

145 1972 172 2019 iu
181 1985 224 2019 ruo
236 1970 356 2030 potestate.
370 1966 479 2014 Adtende
491 1962 550 2025 quid
561 1961 654 2009 dixerit
666 1973 673 2004 ε
728 1957 781 2005 iiii.
793 1958 840 2005 Sed
851 1970 932 2019 neque
942 1959 1057 2008 dubitare
1064 1960 1113 2009 Dei
1126 1963 1178 2024 est,
1188 1977 1231 2013 ne·

146 2041 200 2088 iton
208 2041 241 2086 est
251 2040 351 2087 urimo
362 2037 429 2083 scire.
439 2035 503 2093 Lege
511 2032 673 2089 iterum‚illoa
697 2026 750 2086 que'
761 2026 829 2086 falli3
847 2027 944 2076 dubitat
968 2027 1052 2088 enim,
1071 2029 1117 2090 qui
1136 2031 1230 2093 ignorat

145 2110 180 2155 est
190 2111 300 2155 uestrum.
309 2102 505 2159 Vestrumdixit,
516 2112 565 2148 non
573 2110 673 2157 meum;
697 2095 762 2153 quud
779 2094 890 2143 futurum
900 2098 938 2144 est
949 2096 1061 2145 :fallitur
1078 2100 1176 2162 autem,
1188 2101 1229 2163 qui

143 2174 269 2234 tamenim
280 2185 329 2219 non
339 2171 475 2220 secundum
482 2167 673 2228 perfectionem,
697 2161 765 2209 uliud
776 2163 906 2224 praedixit,
917 2166 943 2213 ei
953 2165 1022 2213 aliud
1033 2169 1071 2214 est
1088 2171 1228 2230 sequutum.

145 2244 190 2292 sed
200 2241 335 2289 secundum
355 2239 491 2299 proiectum
509 2238 610 2284 humani
623 2249 674 2283 eor·
697 2231 762 2289 Quid
779 2235 862 2281 autem
889 2233 1046 2293 evidentius,
1065 2248 1141 2296 quam
1166 2241 1236 2301 qum¹

144 2311 245 2374 purisae
256 2312 344 2355 noslrae
354 2308 442 2354 anime
453 2306 609 2365 loquebatur.
616 2306 673 2353 Ves-
697 2299 821 2358 Scriptura
841 2303 916 2349 habet
937 2303 1004 2350 aliud
1020 2305 1120 2353 Patrem
1137 2308 1230 2358 dixisse

145 2383 209 2430 inam
219 2391 276 2439 ergo
286 2377 364 2435 dixit,
376 2387 426 2422 non
443 2386 534 2424 meum.
696 2367 728 2414 de
738 2368 809 2428 uilio,
819 2375 842 2418 et
852 2372 919 2419 „iud
927 2370 1044 2421 accidisse
1053 2375 1142 2423 eadem
1150 2377 1230 2439 Scrip-

175 2449 230 2496 213.
242 2445 312 2506 Quod
322 2447 348 2492 et
355 2443 480 2505 spostolus
488 2440 607 2502 sequutus
618 2453 625 2487 a
637 2443 672 2489 Dc
697 2439 752 2485 tura
772 2440 889 2488 testatur?
905 2443 950 2488 lile
968 2441 1035 2491 dixit
1051 2457 1058 2491 a
1080 2447 1231 2496 Verebantur

146 2511 286 2578 temporibus
302 2518 378 2562 aulem
390 2516 411 2561 ct
422 2513 556 2569 momentis,
569 2512 672 2570 troius,
696 2508 770 2564 filium
787 2523 864 2557 meum
876 2523 884 2556 r
894 2510 971 2559 Filius
984 2514 1069 2560 aulem
1084 2517 1228 2576 vapulavit,

146 2601 194 2635 aon
205 2587 305 2642 ltobetis,
319 2585 412 2643 inqiut,
432 2596 488 2642 opus
499 2586 525 2628 ut
536 2581 600 2628 uobis
614 2580 673 2627 seri·
698 2575 784 2624 illusus
790 2579 840 2636 est,
852 2579 984 2627 crucifixus
993 2584 1046 2640 est,
1055 2584 1168 2632 mortuus
1176 2589 1228 2644 est3

148 2656 238 2704 bemus.
248 2656 330 2714 ltaque
336 2652 502 2712 ueApostolus
513 2649 612 2710 quidem
622 2648 673 2706 ipse
698 2647 824 2707 multoque
838 2647 889 2695 illis
903 2648 981 2697 servis
990 2650 1032 2709 qui
1047 2651 1119 2710 prius
1133 2653 1229 2704 fuerant

146 2726 235 2772 Christi
242 2723 399 2771 servusdixit
407 2734 433 2768 se
441 2720 673 2774 nesciremementa,
698 2715 831 2776 destinati,
848 2717 959 2775 graviora
979 2720 1115 2768 secundum
1131 2735 1228 2771 carnem

147 2793 191 2841 sed
202 2804 249 2838 raon
261 2803 322 2850 opus
330 2802 382 2837 esse
394 2788 476 2836 doceri
491 2788 622 2846 populum,
630 2786 673 2845 qui
698 2796 783 2843 passus
794 2788 838 2833 est.
852 2784 949 2833 Feiellit
962 2786 1040 2845 igitur
1052 2789 1140 2849 Pater,
1153 2804 1183 2838 an
1193 2792 1234 2852 ig-‘

147 2873 244 2920 semper
265 2859 415 2918 spiritalibus
440 2855 600 2903 munimentis
620 2867 673 2902 esse
700 2854 860 2912 notavit,vel
872 2855 1003 2903 subvenire
1012 2867 1060 2902 uon
1072 2859 1229 2916 potuitlsetl

52 2962 55 2970 »
147 2931 221 2977 debet
232 2930 352 2987 armatus3
363 2929 391 2974 ut
406 2927 484 2973 virtus
492 2925 578 2972 Christi
591 2924 617 2970 in
625 2936 674 2970 uuo
699 2921 962 2982 verusnescitlallere3
974 2923 1092 2983 scriptum
1103 2929 1228 2976 egoenim,

146 3009 243 3056 quoque
252 2995 395 3055 praetendat.
402 2996 460 3040 Cum
469 2996 551 3040 autem
560 2993 620 3040 dicit
628 2994 675 3038 Do-
701 2993 781 3039 Fidelis
792 2993 903 3052 Demqui
911 3005 958 3038 uon
969 2996 1089 3040 meatitur.
1103 2996 1228 3052 Quomodo

145 3063 227 3108 suiuus
240 3077 247 3107 a
259 3066 292 3109 Dc
304 3063 443 3120 temporibus
453 3075 504 3119 quse
514 3064 587 3107 Pater
598 3063 674 3119 posuit
698 3062 780 3108 autem
789 3060 924 3121 ignoravit,
936 3061 978 3120 qui
991 3062 1061 3109 nevit
1072 3065 1172 3112 omnia?
1183 3070 1229 3115 Aut

146 3129 674 3187 iurucpoteatole,utiquen0npotesiexsors
698 3129 757 3188 quid
774 3142 823 3175 non
844 3130 938 3191 potuit,
957 3133 1000 3190 qui
1024 3132 1110 3180 omnia
1130 3137 1230 3196 potest?

147 3195 672 3254 easescientiaepaternae,cu1usnequaquam
727 3198 782 3243 217.
791 3199 883 3245 Tamen
894 3201 914 3246 si
924 3201 966 3247 aut
974 3199 1112 3261 ignoravit,
1128 3207 1170 3252 aul
1181 3219 1228 3253 non

147 3267 277 3316 exscreest
293 3263 433 3326 potestatis3
451 3275 506 3310 curn
523 3265 630 3323 potestas
640 3277 672 3312 ex
697 3263 797 3328 potuit(
814 3267 911 3314 facilius
923 3268 990 3315 enim
1007 3269 1183 3332 adquiescitis,
1202 3277 1227 3322 ut

146 3336 267 3398 sapientia
295 3336 320 3382 et
347 3335 439 3381 virtute
460 3333 588 3394 gignatur,
606 3336 674 3395 quod
698 3336 784 3384 dicatis
798 3338 894 3384 Patrem
913 3337 1048 3397 ignorasse,
1059 3353 1137 3398 quam
1155 3346 1228 3390 cong.

147 3408 278 3464 utrumque
289 3403 398 3450 Christus
407 3402 452 3449 esi·
698 3403 798 3451 teamini
810 3403 899 3451 Filium
911 3405 984 3451 scisse
998 3403 1116 3464 ),videtis
1128 3409 1185 3469 quia
1196 3424 1226 3458 ex

176 3472 231 3520 dii.
246 3472 293 3518 Sed
311 3471 420 3531 quaeritis
429 3481 478 3530 qua
489 3482 562 3517 causa
580 3471 673 3519 nonita
698 3473 743 3520 hoc
753 3472 1227 3533 ipsouniussubstanliaeesti'iliusourn

148 3542 274 3601 discipulis
300 3538 442 3598 negaverit,
463 3539 532 3597 quasi
553 3540 628 3587 sciret
649 3544 674 3587 et
697 3544 782 3602 Patre3
794 3540 814 3589 si
833 3542 1038 3602 quemadmodum
1056 3544 1227 3606 Pater,itaet

147 3612 224 3659 nollet
235 3610 317 3656 dicere
329 3621 335 3652 :
348 3607 391 3654 sed
408 3619 489 3666 neque
500 3607 620 3666 Angelos,
631 3620 674 3655 ne·
698 3609 787 3670 Filius,
798 3612 826 3657 ut
837 3611 970 3657 secundum
981 3612 1089 3658 vestram
1106 3612 1227 3674 insipien·

147 3694 196 3742 que
206 3679 364 3725 Filiumscire
374 3676 561 3723 memoraverit?
570 3678 674 3724 interro·
699 3678 759 3725 tiam
766 3680 866 3738 loquar,
876 3678 918 3725 aut
928 3690 977 3724 non
991 3679 1075 3726 omnia
1090 3683 1176 3744 novit,
1187 3686 1227 3733 aut

148 3751 258 3808 gabovus
266 3749 398 3806 etego‚qua
407 3744 674 3794 causainGenesiDeus
699 3761 746 3795 non
757 3745 837 3793 omnia
848 3747 1132 3806 potest.Nousumenim
1141 3765 1227 3801 avaros

148 3818 213 3864 dicut
224 3831 231 3861 2
243 3819 383 3864 Descendunt
394 3817 484 3875 iisque,
496 3818 521 3861 at
533 3818 623 3862 uideam
638 3831 674 3864 sc-
699 3818 741 3865 aut
751 3828 859 3876 praeceps
877 3814 942 3862 cirea
953 3815 1011 3863 lilii
1021 3817 1124 3878 laudes,
1135 3821 1163 3867 ut
1174 3822 1227 3880 plus

148 3888 247 3930 eundum
258 3886 382 3931 cioruorcm
397 3884 490 3930 illorum
501 3885 628 3930 venientem
644 3888 674 3931 cd
698 3886 801 3932 audeam
812 3884 895 3931 dicere
909 3882 999 3931 Filium
1010 3897 1081 3944 posse
1098 3901 1174 3946 quam
1184 3891 1227 3934 Pu·

148 3961 198 4005 ure,
208 3954 229 3995 si
244 3952 467 4000 consummabuntur
477 3965 486 3997 .·
496 3953 531 3999 siu
540 3955 618 4000 cutem
624 3985 632 4010 ,
648 3958 675 4002 ut
699 3954 760 3999 trem
768 3966 775 4012 3
782 3952 922 4011 quinullam
931 3949 1096 3999 interPairem
1107 3959 1132 4003 et
1140 3956 1226 4007 Filium

149 4015 297 4074 “sammua
316 4031 388 4067 ceusu
407 4019 480 4067 elium
497 4018 622 4080 Scriptura
643 4020 674 4069 de
698 4019 870 4069 discretionem
883 4019 945 4067 lacio
954 4019 1091 4082 potestatis.
