2752 4814
135 414 166 464 to
537 407 665 452 sineri
682 401 850 449 ιιιιιιιοειι
942 375 946 381 ’

132 497 291 555 tatem,cnm
301 504 376 554 opera
394 492 449 540 sine
464 489 513 538 tide
524 489 663 547 vanasint3
689 488 729 534 tur
745 482 861 542 obnoxii;
879 481 937 541 qnia
956 491 1012 528 cum
1023 477 1160 527 doctrinam
1171 475 1219 524 sibi

134 562 287 624 praetereunt
298 562 366 610 enim
374 560 496 620 judicium
503 558 527 606 et
537 558 662 604 caritatem
687 555 777 602 divine
788 549 932 609 cognitionis
942 547 1061 607 usurpent
1071 545 1108 607 (v.
1117 544 1150 592 52
1162 542 1182 604 l,
1193 544 1220 592 et

134 632 181 680 Dei
190 631 324 690 :judicium
332 629 398 688 ideo,
405 626 663 689 quianonorvniaquae
688 624 748 670 alios
758 619 907 680 impediunt,
914 629 960 666 noc
970 616 1019 677 ipsi
1026 615 1092 676 qnod
1101 613 1220 674 proliten-

134 702 224 761 assuns,
236 688 664 759 rn'juutoumrererunt2ertatem
687 693 728 739 tur
741 688 881 750 senemr.

134 769 276 829 ideo,quia
288 780 338 816 non
354 779 387 815 ex
404 765 493 813 affectu
512 765 592 811 Deum
608 760 664 808 dili·
688 799 736 846 cap.
746 798 770 836 Η
793 808 806 834 v
823 795 835 833 ⁶
857 798 869 834 ,Ι
885 793 1166 842 nonneqmnquepassem
1177 797 1221 826 ne·

134 838 203 898 gunt·
711 854 779 890 neunt
789 849 931 898 dipondio,et
941 845 1084 884 urrusexiuis
1097 853 1141 880 non
1154 845 1184 880 est
1196 841 1222 878 ln

167 904 219 954 loll.
229 905 276 954 Sed
284 918 315 954 110
327 917 410 960 rursus
421 902 480 950 fidei
491 914 536 950 llos
546 900 666 950 studiosos
710 904 819 943 oblivione
826 911 900 940 coram
908 900 1011 939 Domino?
1020 896 1062 936 seo
1069 899 1089 934 et
1102 895 1175 943 capilli
1187 903 1221 931 aa·

131 965 223 1035 locist,
233 988 335 1036 operum
352 974 518 1034 negligentes,
533 971 666 1032 perlectio-
711 951 1140 1055 ffssrzoegsiunfflssefflsepffdfflss
1151 946 1224 985 Μ’

135 1057 193 1092 nem
210 1043 289 1092 oneris
299 1043 346 1091 viri
360 1043 431 1090 brevi
441 1053 553 1089 sermone
567 1040 666 1087 conclu·
796 1035 801 1054 '

135 1113 184 1171 dit;
195 1112 223 1160 ut
234 1113 259 1161 et
270 1113 318 1160 tide
333 1112 358 1160 et
374 1111 489 1171 operibus
502 1108 665 1169 approbetur,
719 1103 773 1150 too.
786 1098 983 1147 Pulcherrimum
1004 1097 1085 1144 locum
1106 1091 1222 1171 tenendos

135 1181 232 1228 dicens:
242 1181 327 1228 Etlsoec
337 1181 438 1241 oportuit
445 1179 522 1238 {ocem
528 1209 537 1236 ,
545 1181 566 1225 et
573 1178 666 1224 illonors
690 1169 868 1229 simplicitatis,
879 1167 905 1214 et
913 1164 1056 1213 aemulandas
1067 1161 1126 1209 luder
1137 1159 1222 1207 Salva·

136 1251 250 1299 omittere.
690 1235 1018 1296 torintexuit,nelndaicae
1028 1231 1140 1293 perfidias
1154 1240 1223 1277 more
1249 1283 1254 1291 ,

170 1319 223 1366 lod.
233 1316 400 1376 arrogantiam
408 1327 504 1376 quoque
513 1312 667 1373 iactantiam·
690 1311 737 1356 alia
747 1317 887 1368 premamus
901 1305 1003 1361 affectu,
1015 1304 1063 1349 alin
1074 1311 1137 1349 voce
1144 1299 1222 1346 simu·

136 1399 186 1445 que
198 1385 323 1444 redarguit
338 1384 491 1441 ludaeorum,
507 1382 667 1441 dumprima-
690 1381 783 1437 lemns;
810 1390 865 1425 cum
886 1376 971 1423 ultimo
993 1376 1103 1432 tempore
1126 1368 1223 1448 occulta

136 1455 179 1500 tus
195 1451 357 1501 accubitionis
371 1451 397 1497 in
418 1450 537 1498 conviviis
547 1448 667 1509 appetunt
691 1447 865 1506 cogitationum
884 1442 1065 1498 accusantium,
1085 1438 1129 1487 nut
1148 1438 1227 1516 otiam

139 1519 182 1583 (v.
193 1521 225 1569 15
234 1520 253 1583 ).
265 1523 294 1567 1ιι
305 1521 371 1580 ipsos
380 1532 477 1580 quoque
494 1520 586 1579 peritos
596 1518 667 1576 Legis
691 1514 875 1563 defendentium
890 1513 1013 1560 secretum
1030 1509 1119 1557 nostrae
1132 1506 1226 1585 mentis

136 1590 302 1639 damnationis
329 1588 451 1635 sententia
479 1588 666 1648 promulgatur:
690 1578 1137 1645 aperitnr‚utvideantur.Quaeeuim
1147 1585 1228 1632 maror

135 1661 180 1720 qni
198 1658 267 1719 quasi
280 1658 391 1717 sepulcra
409 1671 464 1718 quas
482 1669 530 1704 non
548 1655 667 1716 apparent
691 1646 1225 1714 estsimplicitatisillecebra,quamutnnus·

139 1726 149 1790 t
160 1740 184 1776 v.
195 1726 226 1773 otc
237 1727 257 1789 l,
267 1728 350 1787 specie
362 1727 464 1785 fallunt,
479 1726 583 1785 visuque
602 1724 668 1772 deci·
690 1724 794 1784 quisque
803 1722 930 1782 cognoscet
939 1720 1058 1768 latebram
1065 1714 1161 1764 itandis
1171 1724 1230 1762 esse

136 1794 503 1856 piunt3utcumforisspeciosa
513 1792 667 1854 promittant,
691 1805 740 1840 non
756 1791 842 1852 posse!

135 1862 204 1910 intus
214 1875 266 1910 ossa
275 1864 348 1922 plena
357 1862 449 1909 loetoris
458 1861 591 1908 includant.
599 1859 668 1918 Quod
722 1861 776 1909 110.
793 1858 970 1919 sedquoniam
986 1855 1085 1916 qemlna
1098 1852 1137 1902 est
1152 1862 1230 1900 causa.

136 1928 232 1978 faciunt
250 1929 363 1990 plerique
380 1928 504 1987 doctores,
520 1928 562 1987 qui
574 1928 604 1972 ab
614 1926 669 1972 aliis
691 1930 816 1989 perfidias,
832 1941 887 1987 quan
902 1927 945 1974 aut
960 1938 993 1972 ex
1009 1923 1096 1970 inolita
1112 1920 1229 1979 malitia,

137 1996 253 2057 exigunt,
264 2010 319 2058 quae
329 1998 376 2055 ipsl
386 2009 434 2044 nou
444 1997 536 2057 queant
547 1995 667 2042 aemulari.
692 1999 734 2044 ant
745 2010 778 2046 ex
786 1994 908 2044 accidenti
916 1994 984 2041 metu
993 1991 1117 2050 nascitur,
1129 1987 1230 2048 nequis

137 2065 168 2110 st
179 2066 234 2112 ideo
244 2065 292 2125 ipsi
306 2065 463 2111 monumenta
483 2063 553 2121 sunt,
569 2063 633 2109 sicut
643 2061 669 2108 el
692 2068 760 2114 metn
778 2067 878 2115 territus
895 2062 1036 2124 potestatis,
1055 2061 1136 2106 Deum
1149 2069 1226 2118 quern

138 2130 198 2177 alibi
211 2132 306 2178 dictum
324 2133 362 2178 est
372 2144 379 2177 ι
391 2132 525 2192 Sepulcrum
534 2133 617 2190 poleos
636 2132 669 2177 est
693 2135 765 2181 corde
774 2133 1006 2193 cognoscensque
1015 2127 1131 2185 conetur,
1140 2126 1232 2186 9⁸¹⁰*

139 2201 320 2258 qnttrcreorscm.
693 2201 788 2250 addidit
799 2200 994 2249 animaetantum
1005 2195 1231 2243 formidabiteesse

171 2266 223 2314 106.
239 2269 318 2314 Bonus
333 2266 408 2314 etiam
422 2267 491 2315 locus
502 2266 617 2314 adversus
626 2279 668 2313 su·
692 2271 854 2330 supplicium,
871 2280 968 2328 poenam
982 2263 1093 2324 corporis
1109 2274 1159 2310 non
1170 2273 1232 2309 esse>

137 2333 309 2393 perstitionem
334 2333 490 2380 vanissimam
516 2333 669 2390 ludaeornm,
693 2340 864 2398 metuendam
885 2337 1027 2385 mercentur
1041 2335 1137 2381 naturae
1153 2331 1227 2390 bnis,

138 2401 182 2461 qni
201 2402 342 2449 edificando
361 2402 472 2462 sepulcra
494 2401 669 2462 prophetarum
694 2421 743 2457 non
753 2410 882 2468 poenaest:
894 2406 920 2453 et
928 2405 984 2452 ideo
992 2403 1097 2450 mortem
1107 2398 1228 2460 supplicii

140 2471 186 2532 tv·
198 2469 228 2517 ‘4⁷
236 2469 261 2532 l,
272 2473 368 2532 patrum
380 2483 479 2519 suorum
494 2471 558 2519 facta
569 2471 670 2518 (11111111-
693 2475 824 2534 corporalis
839 2485 893 2521 esse
902 2470 1041 2528 delectum,
1051 2479 1152 2529 poenam
1167 2478 1229 2514 vero

138 2541 198 2588 bant
209 2542 559 2601 :aemulandoautempaterna
566 2542 668 2600 scelera,
693 2545 781 2592 animas
801 2555 855 2591 osse
870 2542 1032 2602 perpetuam
1050 2549 1130 2597 eoque
1146 2537 1232 2584 Deum

138 2609 166 2656 in
185 2623 212 2657 se
230 2611 296 2671 ipsos
319 2611 468 2658 sententiam
486 2609 668 2669 retorquebant.
693 2614 834 2661 solumesse
844 2610 1018 2668 metuendum,
1029 2606 1101 2664 cnjus
1110 2604 1229 2665 potestati

137 2679 237 2726 Etenim
248 2680 449 2739 propheticorum
460 2679 620 2726 aedificatione
631 2679 670 2724 tu·
694 2694 742 2729 non
759 2682 846 2729 natura
855 2678 1012 2740 prescribit,
1024 2676 1069 2725 sed
1079 2674 1169 2722 eadem
1183 2685 1228 2723 na·

138 2748 275 2806 anulorum,
286 2748 386 2794 sceleris
401 2759 442 2793 eos
457 2747 501 2806 qui
516 2747 669 2805 occiderant,
693 2751 747 2797 tura
763 2748 889 2806 subjaceat
900 2761 907 2794 z
919 2746 1023 2793 mortem
1035 2756 1094 2792 vero
1104 2755 1157 2790 non
1173 2754 1228 2791 esso

138 2815 298 2872 arguebant:
320 2815 346 2861 et
365 2815 484 2861 similium
513 2814 670 2862 emulatione
694 2817 846 2875 terribilem,
864 2828 936 2876 quam
954 2813 1117 2874 locupletiore
1132 2813 1228 2861 ioenore

138 2880 258 2927 tactorum
266 2913 273 2938 ,
282 2894 307 2929 se
318 2894 415 2942 quoque
424 2881 580 2928 declarabant
590 2883 671 2941 pater·
694 2884 726 2932 sit
737 2883 906 2930 immortalitas
918 2881 1071 2929 redemtnra.

140 2959 179 2994 nas
191 2948 328 3008 iniqnitatis
337 2949 455 2997 baeredes.
466 2951 517 3000 lton
529 2949 671 3009 igituraedi-
725 2950 779 2996 tlt.
795 2949 958 3008 inspiraverat
975 2947 1095 2995 Dominus
1104 2944 1229 3006 simplici·

140 3016 236 3076 ficatio,
247 3017 290 3065 sed
298 3018 481 3066 aemulatioloco
491 3018 671 3066 criminlsaesti-
694 3019 752 3066 tatis
763 3019 875 3065 allectum
883 3049 891 3076 ,
899 3018 1017 3065 virtutem
1032 3015 1126 3063 mentis
1139 3027 1231 3064 erexe-

140 3084 229 3131 matur.
248 3087 331 3145 Neque
344 3088 411 3133 enirn
427 3086 528 3146 possunt
540 3086 671 3133 baeredita·
693 3088 745 3145 rat,
757 3087 817 3132 tides
835 3086 886 3132 sola
904 3085 1025 3132 nutabat:
1038 3084 1103 3131 beno
1122 3095 1178 3130 eam
1197 3084 1229 3132 de

140 3152 185 3198 riae
196 3152 336 3212 iniqnitatis
345 3154 453 3213 absolvi,
464 3153 507 3213 qui
518 3153 565 3200 Dei
580 3154 668 3200 Filium
694 3154 824 3201 vilioribus
834 3154 973 3212 roboravit,
985 3165 1042 3200 nam
1052 3152 1074 3200 si
1085 3152 1157 3200 Deus
1164 3153 1231 3200 obli·

140 3221 313 3283 crucifigendo,
322 3223 387 3282 quod
397 3224 496 3282 pravius
504 3224 553 3282 est,
561 3224 670 3283 paternis
694 3223 793 3269 vinnom
804 3234 930 3282 passerum
940 3234 989 3269 non
998 3221 1073 3268 babet
1080 3252 1088 3279 ,
1096 3221 1230 3269 hominum

141 3291 266 3337 cumulum
273 3293 407 3339 sceleribus
417 3291 573 3339 addiderunt.
580 3292 671 3340 Etideo
694 3291 786 3338 babere
808 3289 850 3350 qui
870 3290 966 3351 potest?
976 3289 1047 3348 Quod
1065 3291 1086 3338 si
1102 3289 1173 3337 tanta
1192 3291 1231 3339 est

141 3359 206 3405 bene
224 3360 282 3406 alibi
302 3360 396 3408 addidit
406 3373 413 3406 ι
425 3361 519 3420 implete
535 3373 671 3408 mensnram
694 3360 754 3419 Dei,
766 3361 792 3407 et
804 3362 852 3406 tam
864 3360 955 3406 aeterna
974 3358 1104 3416 maiestas,
1117 3359 1147 3405 ut
1165 3371 1231 3407 nnus

138 3428 391 3487 postremo-orborum,-
408 3428 465 3486 quia
481 3427 543 3473 nihil
557 3427 594 3474 est
604 3428 670 3474 ultra
694 3440 726 3474 ex
735 3427 889 3488 passeribus,
900 3429 943 3474 aut
958 3429 1096 3484 nostrorum
1107 3439 1231 3475 numerus

141 3494 187 3541 ilci
215 3495 333 3554 injmiam
354 3496 453 3554 gravius
478 3507 580 3555 peccam
605 3496 670 3555 quod
694 3497 839 3556 capillorum
856 3497 947 3554 praeter
967 3495 1097 3544 scientiam
1115 3496 1165 3543 Dei
1180 3509 1232 3544 non

140 3563 243 3627 possint.
694 3565 726 3611 sit
738 3577 745 3610 ι
757 3563 970 3623 quamindignum
982 3564 1152 3610 estaestimare
1163 3564 1231 3623 quod

173 3633 225 3679 107.
236 3633 366 3691 Propterea
374 3630 452 3679 mittit
462 3630 493 3678 ad
503 3629 559 3678 illos
569 3631 672 3691 Sapien-
694 3632 805 3679 fidelium
824 3631 897 3678 corda
915 3631 1033 3679 Dominus
1051 3632 1095 3678 aut
1117 3631 1232 3693 ignoret,

141 3700 175 3746 tia
186 3702 305 3761 apostolos
315 3702 341 3749 et
351 3701 484 3760 propbetas
495 3697 530 3761 (v.
541 3699 572 3748 1⁸9
582 3699 602 3763 ).
610 3701 671 3759 Quis
694 3702 738 3748 aut
748 3701 861 3760 spernat,
872 3699 916 3758 qui
925 3700 1013 3747 viliore
1023 3700 1168 3758 cognoseat?

142 3768 179 3814 ost
189 3768 315 3826 Sapientia
323 3769 371 3816 nisi
383 3767 506 3817 Cirristus?
522 3770 633 3829 Denique
645 3770 671 3816 in
725 3770 777 3816 111.
789 3770 897 3816 Fortasse
910 3768 975 3815 dicat
985 3767 1075 3827 aliquis
1085 3780 1092 3814 a
1101 3767 1243 3824 Quomodo.

143 3835 254 3882 llattlraeo
265 3837 341 3884 babos
353 3851 360 3883 ι
373 3841 430 3886 dccc
446 3850 487 3897 eqo
506 3840 573 3885 mitto
591 3838 621 3884 od
631 3851 672 3885 oos
694 3837 821 3896 Apostolus
832 3837 913 3882 dixit:
922 3838 1042 3896 llrsmqnid
1052 3837 1078 3882 ds
1087 3835 1162 3886 bobas
1171 3851 1235 3886 corn

142 3903 264 3962 proplmrn
274 3907 295 3950 el
305 3907 426 3964 sordentes.
694 3907 727 3951 cst
744 3907 809 3962 Deo,·
829 3915 886 3949 cum
902 3904 989 3963 utique
1006 3904 1049 3951 bos
1060 3913 1162 3963 passere
1172 3917 1235 3969 pref

173 3970 227 4018 108.
250 3971 389 4031 arguuntur
410 3973 489 4020 adbuc
507 3971 552 4018 sub
571 3971 671 4018 nornine
694 3971 779 4018 tiosior
800 3971 849 4018 sit?
866 3972 915 4019 Sed
933 3971 1055 4023 aliudest
1074 3983 1150 4030 cura,
1162 3970 1235 4019 aliud

144 4037 281 4094 ludaeorum
289 4072 296 4100 ,
304 4042 328 4088 ot
340 4040 421 4088 tuturo
432 4040 554 4101 supplicio
562 4040 673 4088 statuun·
695 4040 807 4090 scientia.
819 4041 930 4102 Denique
948 4052 1066 4089 numerus
1081 4041 1239 4102 capillorum
