2752 4814
204 362 250 410 ¹³²
598 357 719 401 sineri
736 354 896 398 annnosn

357 463 484 516 citivi
503 461 584 512 xxi.
760 431 816 478 ⁶²¹⁰
826 431 1039 479 fflfllifflsimn
1049 426 1300 491 prevalueris5trae«

760 512 805 546 nos
814 501 904 560 lingue
913 501 1012 560 inpone
1023 500 1072 547 tuae
1084 512 1092 544 z
1103 498 1204 545 deinde
1214 509 1301 544 recon-

205 579 345 620 imum
360 580 488 628 primun
504 579 597 619 orimur.
610 585 737 625 precaren-
761 570 893 616 tilitfiollis
909 569 1018 616 studium
1036 581 1089 615 uon
1106 566 1299 627 pretermittas.

228 634 292 696 ΙΨ
306 634 325 671 ⁸³
338 633 416 672 M
432 633 513 695 ¹²3³·
528 631 699 692 ’ΨΜ
713 638 737 665 ⁸²
761 637 1064 685 llaecoratoresseculide
1076 637 1175 683 nostris
1184 633 1299 692 usurpata

229 683 738 788 ffissxmffiss
761 707 789 754 in
805 709 857 754 suis
867 719 972 767 posuere
987 707 1059 753 libris
1070 719 1078 751 ε
1091 705 1138 752 sed
1150 704 1200 750 ille
1219 713 1300 750 sensus

230 794 271 830 ear
280 797 353 831 moros
360 794 427 830 moon
435 793 555 841 purnium
565 791 737 829 commotionum
762 776 836 834 luins
845 776 921 822 habet
930 775 1047 834 uanam,
1054 773 1101 835 qui
1110 773 1187 834 prior
1197 770 1273 818 dixit

229 847 313 884 emma
319 847 407 885 numm
416 846 514 884 Archile
521 847 738 888 momontumoeren·
791 846 832 892 93.
848 845 961 892 vitemus
977 857 1048 903 ergo,
1065 844 1113 890 ant
1128 845 1300 901 temperemus

230 900 336 964 “¹95⁹
348 900 452 962 ΨΜ
466 900 504 948 ¹¹³⁶
516 900 556 938 ¹¹²⁶
571 900 595 937 ¹¹¹
607 908 632 936 ¹‘
645 898 705 935 Μ’
716 899 738 933 ‘¹
762 913 927 972 nacuudiam3
937 926 970 961 ne
979 913 1078 971 nitrias
1088 912 1133 959 aut
1143 913 1175 958 in
1187 909 1300 958 laudibus

230 959 314 1003 “⁰⁹¹⁵
322 955 435 1004 ''m‘'
762 981 1056 1043 exceptio,antinritiis
1065 979 1245 1041 exaggeratio.
1252 979 1300 1024 lion

237 1052 430 1100 meinerus
442 1050 584 1109 iracundia,
596 1047 738 1107 aulsiprae-
763 1053 886 1100 mediocre
896 1054 935 1099 est
944 1051 1058 1110 mitigare
1068 1049 1247 1096 iracundiam:
1256 1057 1301 1093 nou

207 1122 292 1169 careri
314 1134 364 1168 non
381 1121 477 1181 potest,
495 1119 657 1175 cohibeatur,
676 1118 740 1162 mala
763 1119 1065 1180 interiusqnamomnino
1072 1112 1298 1164 noncommoreri.

208 1191 275 1238 enim
285 1191 348 1238 illex
358 1191 454 1251 peccati
470 1189 607 1249 indignatio
617 1189 655 1234 est
666 1200 673 1233 ε
684 1199 739 1246 qne
764 1191 814 1237 lioc
824 1189 990 1247 nosunmest,
997 1189 1094 1234 nature
1102 1186 1179 1233 illud.
1189 1186 1300 1246 lienique

207 1260 243 1307 te
261 1259 371 1307 mimum
387 1259 528 1318 perturbat,
542 1258 571 1304 ut
587 1256 676 1303 rationi
691 1267 739 1302 non
764 1259 939 1306 commotiones
953 1259 980 1304 in
996 1256 1084 1324 pueris
1099 1255 1218 1303 innoxia
1235 1257 1299 1314 sunt,

208 1329 553 1390 coinquinamentum
564 1328 602 1374 est
615 1327 708 1385 igitur,
719 1325 740 1370 si
763 1340 818 1386 qne
832 1325 887 1385 plns
901 1326 994 1373 habent
1007 1325 1107 1384 mne,
1118 1335 1200 1383 qnam
1215 1324 1301 1370 amari-

208 1398 264 1446 tieri
275 1398 406 1457 potest‚nt
417 1409 513 1443 morum
522 1396 688 1455 inmuillitas
695 1407 742 1440 usn
765 1396 866 1442 tudinis.
882 1395 948 1442 etsi
962 1395 1012 1442 cito
1026 1393 1101 1453 pueri
1120 1393 1195 1439 inter
1211 1405 1238 1439 se
1252 1404 1301 1439 mo

208 1467 328 1528 quodam,
337 1464 627 1525 adadonmproposito,
635 1465 661 1510 in
669 1466 742 1510 natu-
766 1466 867 1523 ventur,
879 1463 951 1511 iacile
966 1463 1097 1520 edantur,
1107 1463 1134 1509 et
1145 1461 1240 1519 majori
1250 1473 1301 1508 sua·

209 1547 264 1581 ram
275 1536 394 1582 vertatur.
405 1534 502 1581 Deinde
517 1534 633 1593 quoniam
643 1533 679 1579 ita
689 1532 742 1591 ple·
766 1535 842 1581 ritate
865 1533 893 1580 in
914 1545 941 1580 se
963 1533 1105 1580 resumunt.
1129 1531 1255 1578 Nesciunt
1276 1543 1300 1578 so

210 1610 315 1662 rumque
323 1601 649 1650 motusintixnsestnatnrae
656 1613 684 1646 ac
692 1613 743 1647 mo·
766 1602 868 1651 subdole
887 1603 1068 1661 artificioseque
1083 1601 1207 1648 tractare.
1225 1601 1300 1648 Nolite

211 1672 293 1730 ribus,
303 1674 331 1718 nt
338 1671 414 1718 evelli
420 1672 496 1730 atque
501 1670 591 1717 evitari
598 1682 647 1716 non
654 1670 742 1729 queat:
767 1673 811 1718 lios
821 1675 979 1719 contemnere
989 1683 1092 1730 pueros,
1105 1671 1139 1718 de
1150 1671 1247 1730 quibus
1256 1673 1301 1718 lio-

212 1741 232 1786 si
244 1740 375 1799 provideri
385 1739 613 1800 potuerit,ratione
623 1738 744 1797 reprima-
766 1741 849 1788 minna
865 1743 901 1788 ait
912 1754 920 1787 ε
931 1743 984 1788 ilici
994 1742 1100 1788 concerni
1112 1741 1223 1799 meritis,
1235 1743 1256 1787 ct
1269 1741 1301 1800 ct·

211 1812 260 1856 tnr.
273 1809 321 1856 tut
337 1809 358 1856 si
373 1808 442 1868 prius
457 1808 592 1869 occupatus
602 1806 680 1853 tuerit
689 1807 744 1852 ani-
765 1811 880 1869 ficicon'ni
889 1812 948 1856 ocul
958 1810 1078 1868 puerine,
1088 1821 1140 1856 non
1148 1809 1269 1856 intrabitis
1278 1811 1301 1856 in

211 1890 268 1925 mus
288 1877 319 1924 ab
343 1877 525 1937 indignatione,
542 1888 618 1936 mam
642 1874 744 1923 consilio
767 1878 1094 1938 nonamcmlorum.ltaque
1109 1875 1209 1935 etipse
1221 1876 1301 1923 Domi·

213 1947 320 2006 prospici
337 1959 366 1994 ac
377 1946 504 2006 provideri
519 1946 643 2007 potuerit,
660 1957 691 1992 ne
702 1957 746 1992 oc-
769 1960 827 2008 nus,
844 1948 891 1994 hoc
907 1948 957 2006 est,
972 1945 1021 1992 liei
1036 1945 1131 2003 virtus,
1145 1945 1214 1992 sicul
1229 1958 1302 2004 puer,

212 2016 365 2076 caperetur:
378 2016 499 2063 meditare
512 2015 634 2074 quomodo
651 2018 744 2061 motum
769 2029 825 2064 cum
840 2015 1043 2073 malediceretur,
1054 2026 1104 2060 non
1120 2014 1300 2061 remaledixit:

213 2083 290 2132 animi
298 2084 336 2130 tui
344 2083 602 2143 vincas‚iracundium
612 2084 743 2141 temperes.
768 2098 825 2132 cnm
835 2085 1019 2144 percuteretur,
1032 2095 1081 2130 non
1091 2084 1256 2142 repercussit.
1267 2084 1301 2129 lta

213 2153 310 2201 Resiste
329 2153 391 2213 ire,
408 2154 428 2200 oi
448 2155 519 2212 potes
537 2165 544 2196 =
563 2150 638 2208 cede,
657 2152 678 2197 si
696 2164 744 2198 non
769 2167 826 2212 ergo
837 2155 862 2200 te
880 2154 1046 2213 compara,nt
1063 2152 1134 2212 quasi
1152 2164 1219 2210 pner
1238 2151 1302 2209 injn-

213 2223 298 2284 potes3
316 2221 375 2284 quia
385 2222 504 2282 scriptum
514 2221 552 2267 est
567 2232 574 2265 τ
590 2223 651 2268 Doto
668 2222 744 2268 locum
769 2226 832 2270 riam
849 2237 896 2270 non
909 2225 1006 2281 teneas,
1017 2221 1138 2268 nomiliam
1155 2232 1204 2266 nou
1226 2233 1303 2266 exer-

213 2294 265 2339 i'roe·
769 2306 839 2352 ccas,
854 2293 936 2339 omnia
954 2305 968 2338 a
986 2294 1014 2339 te
1030 2289 1170 2338 innocenter
1185 2288 1301 2347 proticis-

244 2361 284 2409 9l.
296 2361 371 2409 Jacob
381 2360 450 2408 tratri
462 2358 599 2420 indignanti
609 2358 650 2418 pie
662 2357 744 2416 cessit,
769 2365 863 2410 cantur.
874 2364 926 2409 lion
936 2361 1074 2408 consideres
1084 2356 1145 2418 qnid
1154 2356 1186 2403 ab
1205 2357 1264 2402 aliis
1275 2356 1303 2401 ’111

215 2432 244 2478 ct
252 2431 385 2490 Rebeccae,
396 2429 422 2478 id
433 2432 483 2489 est,
495 2430 623 2490 patientiae
640 2428 745 2473 instruc·
768 2433 793 2479 te
804 2431 950 2478 revertatur.
963 2431 1056 2476 Locum
1066 2429 1136 2476 tuum
1142 2439 1232 2484 serra,
1243 2428 1304 2471 sim-

214 2502 255 2546 tus
270 2498 387 2560 consilio,
398 2498 483 2546 abesse
494 2498 583 2545 maluit
594 2498 619 2544 et
636 2495 745 2555 peregri·
768 2500 905 2559 plicitatem
929 2500 954 2545 et
980 2498 1115 2558 puritatem
1135 2495 1175 2543 tui
1195 2495 1305 2554 pectoris

214 2568 283 2627 nari,
295 2580 367 2627 quam
379 2567 489 2614 excitare
501 2565 582 2612 iratris
598 2564 745 2622 indignatio-
770 2569 873 2616 custodi.
888 2568 941 2614 Noli
960 2567 1108 2625 respondero
1126 2565 1189 2612 irato
1208 2565 1240 2610 ad
1259 2565 1304 2610 ira-

215 2648 286 2695 nem;
297 2637 324 2683 et
338 2637 398 2683 tunc
414 2635 508 2695 redire,
520 2647 576 2682 cum
589 2632 689 2680 tratrem
700 2631 746 2678 mi·
770 2638 884 2685 cundiam
895 2637 961 2695 ejus,
974 2637 1025 2683 sive
1044 2634 1199 2695 imprudenti
1210 2633 1243 2679 ad
1261 2634 1304 2678 im-

215 2705 320 2766 tigntum
337 2706 443 2765 putaret.
456 2705 485 2751 Et
501 2704 558 2751 ideo
573 2703 666 2749 iontem
681 2700 745 2760 apud
770 2707 934 2766 prudentiam.
946 2705 1078 2764 Citoculpa
1088 2705 1190 2763 culpam
1199 2702 1303 2749 excutit.

215 2774 296 2819 Deum
313 2772 410 2819 invenit
422 2772 533 2829 imiimi·
545 2771 640 2827 Quibus
655 2768 745 2815 deinde
770 2778 795 2824 Si
808 2776 902 2835 lapides
914 2775 992 2832 teras,
1010 2786 1091 2820 nonne
1103 2774 1170 2832 ignis
1180 2769 1305 2831 erumpit?

216 2841 354 2904 obsequiis,
371 2840 470 2898 quantis
486 2839 630 2886 muneribus
647 2838 746 2885 tratrem
764 2873 766 2877 Α
800 2845 840 2893 pa,
851 2845 943 2890 Ferunt
953 2844 1072 2902 gentiles,
1083 2844 1112 2889 ut
1122 2843 1151 2888 in
1161 2843 1242 2900 majus
1253 2853 1304 2886 om-

216 2907 298 2967 ipsum
315 2906 486 2957 reconciliarit
501 2907 563 2967 sibi,
579 2908 607 2954 ut
623 2908 666 2954 ille
685 2919 747 2966 prae-
771 2915 812 2960 nia
829 2914 911 2960 verbis
931 2914 1052 2960 extollere
1079 2911 1178 2970 solent,
1199 2910 1304 2958 Archile

216 2977 293 3038 rente
311 2977 491 3026 benedictionis
511 2989 560 3024 oon
579 2977 746 3031 meminisset.
771 2983 897 3030 Tarentini
914 2983 1006 3029 dictum
1024 2981 1182 3040 philosophi,
1196 2979 1261 3040 quod
1276 2979 1305 3026 ad

216 3048 370 3113 meminisset
381 3047 469 3095 delato
479 3046 651 3095 satisfactionis
661 3046 667 3094 i
772 3052 883 3099 villicum
895 3063 967 3096 suum
978 3048 1071 3096 dixerit
1083 3061 1089 3093 τ
1099 3048 1119 3094 0
1131 3051 1157 3095 te
1169 3048 1305 3104 infelicem,

248 3117 287 3165 92.
298 3119 358 3179 Ergo
368 3119 388 3165 si
400 3118 547 3178 praevenerit
558 3118 584 3164 et
594 3129 748 3177 praeoccupa·
772 3133 846 3180 quem
864 3119 1023 3176 afflictarem,
1041 3117 1091 3164 nisi
1109 3117 1190 3163 iratus
1212 3116 1304 3165 essem!

217 3187 395 3235 veritmentem
403 3189 470 3234 tuam
480 3187 607 3234 iracundia
617 3188 643 3233 et
652 3186 749 3234 adscen-
773 3188 821 3235 Sed
829 3190 880 3247 jam
889 3187 966 3234 David
975 3189 1001 3235 ei
1010 3187 1133 3232 armatam
1141 3185 1273 3233 dexteram
1282 3185 1306 3230 in

218 3258 283 3305 derit
294 3259 321 3305 in
331 3258 370 3317 te,
381 3268 432 3303 non
444 3257 568 3316 relinquas
576 3256 656 3303 locum
669 3257 748 3304 tuum.
774 3257 942 3316 indignatione
961 3256 1148 3314 compresserat.
1166 3255 1198 3301 Et
1218 3254 1306 3314 quanto

218 3326 361 3373 lmcnstuus
375 3324 497 3386 patientia
508 3328 559 3384 est,
570 3325 637 3372 locus
648 3325 749 3373 toussa-
774 3326 829 3384 plns
845 3326 882 3372 est
900 3337 948 3376 non
960 3323 1151 3382 remaledicere,
1169 3318 1248 3382 quam
1263 3334 1306 3368 non

218 3395 314 3457 pientia
331 3388 459 3455 est,'locus
473 3397 530 3443 tuus
545 3395 609 3442 ratio
618 3396 670 3453 est,
683 3397 750 3443 locus
774 3393 901 3441 vindicare
911 3393 917 3438 i
929 3394 958 3438 st
965 3393 1096 3439 bellatores
1103 3391 1228 3441 adversus
1236 3390 1306 3437 Nabal

218 3467 276 3513 tuus
284 3463 378 3512 sedatio
393 3463 567 3522 indignationis
579 3464 624 3510 est.
636 3464 683 3510 Aut
695 3462 717 3510 si
725 3465 750 3510 te
775 3462 805 3508 ad
823 3463 941 3509 ultionem
956 3462 1065 3520 paratos,
1076 3460 1174 3519 abigail
1190 3460 1307 3520 depreca-

220 3531 375 3582 contumacia
394 3531 563 3590 respondentis
583 3530 701 3589 moverit,
725 3533 751 3578 ei
775 3531 841 3578 tione
865 3531 1033 3579 revocaverat.
1061 3531 1131 3577 Unde
1156 3529 1308 3578 advertimus

219 3598 535 3664 perversitasimpuleritad
543 3598 750 3659 indignationem:
776 3599 929 3658 tempestivis
960 3610 1059 3658 quoque
1087 3597 1308 3647 intercessionibus

220 3671 242 3717 si
258 3683 307 3718 non
320 3670 430 3730 potueris
443 3669 556 3729 mitigare
573 3670 696 3729 mentem,
713 3682 752 3716 rc·
777 3681 825 3715 non
834 3669 913 3715 solum
923 3667 1010 3714 cedere
1018 3679 1075 3726 nos,
1085 3667 1129 3714 sed
1139 3667 1220 3714 etiam
1229 3668 1308 3716 deiec-

220 3739 299 3795 prime
308 3737 502 3800 linguamtuam.
512 3738 551 3786 Sic
560 3739 752 3798 enimscriptum
776 3739 823 3784 tari
841 3737 962 3796 oportere.
975 3737 1085 3795 linusque
1096 3736 1183 3783 antem
1202 3737 1308 3784 delecta·

221 3808 259 3852 est
275 3820 283 3851 t
300 3808 384 3855 colite
400 3809 508 3868 linquam
524 3810 591 3854 tuom
605 3822 622 3854 a
640 3809 717 3864 molo,
731 3812 752 3854 ct
777 3808 871 3865 tuaest,
883 3807 911 3851 ut
921 3804 1309 3863 benediceretintervenientem,

222 3873 286 3920 lobio
295 3877 337 3921 too
344 3889 373 3922 ne
383 3877 510 3935 monentur
520 3877 606 3922 dolonn.
616 3875 710 3921 Deinde
716 3878 753 3920 in·
776 3876 841 3934 quod
849 3876 879 3922 ab
884 3875 964 3922 studio
973 3874 1088 3921 vindictae
1096 3875 1230 3922 revocatus
1240 3875 1309 3922 toret

223 3942 753 4005 corripueramemmeramensemiilam
808 3945 845 3990 911.
864 3946 918 3991 lain
936 3944 1033 3990 dixerat
1051 3942 1082 3990 de
1101 3943 1215 3991 inimicis
1236 3946 1310 3992 suis:

223 4011 298 4059 sancti
314 4010 388 4065 Jacob
402 4012 474 4073 nido,
490 4024 537 4073 qna
548 4012 576 4060 tu
589 4010 698 4072 primum
714 4024 754 4059 se·
781 4014 896 4073 Quoniam
910 4013 1083 4062 declinaverunt
1097 4012 1125 4070 in
1138 4024 1178 4059 me
1197 4013 1311 4074 iniquita·
