2752 4814
391 456 433 502 hu
450 457 593 503 osricus
612 459 864 515 bruistemium,
882 463 980 508 urhun
998 465 1015 509 1.
1200 464 1246 512 loo

167 533 233 584 sicut
252 533 408 587 tntoeeondus
424 550 491 601 aper.
502 540 558 588 Esto
572 541 655 587 tamen
665 540 695 588 ut
719 541 770 589 solo
779 541 856 602 pane,
875 540 919 592 sed
930 545 957 591 in
968 543 1120 593 omnirerbo
1134 544 1183 594 Dei
1194 547 1246 593 vita

168 603 257 664 aliquis
267 617 385 655 excusare
397 604 474 668 possit
484 609 549 669 quod
559 620 608 656 non
618 608 694 658 oede-
719 609 756 656 ost
766 608 873 658 hominis
883 611 941 659 iacti
951 612 983 660 ad
997 612 1131 672 imaginem
1141 611 1197 660 liei.
1209 615 1246 660 lic

167 673 341 734 rit,quomodo
349 687 466 725 excusare
481 677 560 738 potest
569 678 635 739 quod
645 690 694 725 non
719 678 806 736 poculo
816 690 877 725 vero
884 680 942 727 satis
951 691 1066 739 expresse
1077 678 1138 726 dicit
1148 681 1247 728 sanctus

168 741 692 806 reddiderittNondarecniquamaixlicet‚
718 745 779 792 iob:
791 747 855 794 sicat
865 749 928 794 terre
939 749 1066 807 expectans
1075 747 1197 808 danem,
1214 751 1247 798 sic
1278 788 1280 791 .

168 812 399 862 nouredderevcro
409 815 537 864 nonlicet.
715 815 908 862 etistieeraaonea
922 828 995 862 ancos.

200 880 318 934 itiilldeo
336 884 420 943 pulcre
435 882 592 932 Salomonait
603 896 612 930 a
624 884 693 933 Sisc-
949 913 1013 927 -

163 951 226 999 &ris
245 964 335 1001 cornere
352 953 384 998 od
403 965 510 1000 mensem
527 954 641 1013 potentis,
652 966 693 1001 aa·
847 979 975 1033 CAPUT
993 959 1109 1032 xxm

165 1019 673 1081 malmintolttpcceqemapponentartibi
684 1034 692 1068 e
1111 1017 1119 1034 ⁸

164 1089 258 1136 emme
269 1101 366 1137 mmm
374 1092 441 1137 tuam
450 1092 523 1138 ,cim
533 1091 594 1150 quod
604 1091 693 1149 mmm
717 1075 887 1140 tramissoque
896 1080 972 1126 praua
985 1077 1012 1117 ob
1026 1071 1140 1142 memorali
1152 1079 1246 1142 convivii

740 1129 822 1168 fercula
836 1135 861 1168 nt
881 1132 1037 1179 referendum,
1056 1141 1123 1169 narras
1143 1132 1246 1172 reddendi

165 1157 186 1203 ιθ
197 1157 255 1205 Μία
268 1170 413 1216 mmm·
424 1159 451 1205 St'
464 1159 543 1235 “ms'‘
554 1157 693 1236 mmmm
738 1184 838 1222 beneficii
854 1187 945 1225 rationes
961 1190 1115 1232 recensentur:
1131 1187 1170 1224 ubi
1184 1191 1205 1227 et
1220 1188 1247 1225 de

164 1237 196 1280 ea,
204 1225 253 1277 noti
262 1227 420 1286 concupiscere
430 1239 494 1275 caece
504 1239 552 1284 erue
558 1240 567 1286 ,·
575 1225 693 1272 hoeccmm
743 1237 898 1277 benevolentiae
910 1240 986 1288 nuce,
996 1240 1079 1278 circem
1091 1243 1156 1289 arque
1169 1240 1246 1279 oraim

163 1292 693 1353 ohtimntoilamsellaccanuasnosimitari
741 1288 858 1329 obseritur.
1197 1324 1199 1331 ·

164 1361 292 1420 cupientes
306 1362 454 1422 sententias,
464 1361 613 1421 scripsimus.
631 1362 693 1408 eon·
748 1365 801 1414 165.
813 1368 938 1415 lunanum
949 1367 987 1415 cst
997 1379 1054 1428 erpo
1064 1367 1094 1415 nt
1105 1367 1245 1416 drinaum

164 1428 229 1477 terre
237 1430 341 1499 gratim
351 1431 442 1481 bonum
450 1431 487 1479 est
497 1444 504 1477 a
513 1432 538 1478 at
548 1430 590 1491 qui
599 1430 692 1478 reterre
716 1434 892 1494 scripturarum
905 1436 1076 1484 humescamus
1086 1435 1207 1496 alloquio,
1218 1437 1246 1482 et

163 1500 256 1558 nescit,
266 1500 420 1547 durissimus.
435 1499 598 1549 Humanitatis
606 1512 692 1552 exem·
715 1503 786 1563 quasi
798 1516 837 1551 ros
852 1505 887 1552 sic
901 1505 928 1553 in
942 1518 985 1553 nos
997 1505 1044 1553 hei
1053 1505 1130 1553 verba
1141 1503 1264 1552 descen·

163 1569 231 1628 plum
248 1569 301 1628 ipsa
316 1569 381 1618 terra
401 1567 518 1629 suggerit.
540 1568 691 1628 Spontaneos
715 1569 782 1619 dant.
791 1572 851 1618 Cum
863 1572 939 1632 igitur
947 1574 1041 1622 sederis
1052 1573 1082 1620 ad
1093 1573 1161 1621 illam
1174 1585 1244 1621 meu·

162 1637 256 1686 tructus
263 1637 387 1685 ministrat
394 1651 454 1698 quos
461 1637 691 1696 uonseveris,mul-
715 1652 765 1687 earn
776 1642 897 1701 potentis,
913 1642 1024 1702 intellige
1034 1643 1090 1702 quis
1100 1642 1133 1690 sit
1143 1642 1189 1689 iste
1199 1653 1245 1701 po-

135 1759 143 1764 ,
163 1705 302 1764 tiplicatum
312 1719 408 1766 quoque
418 1705 501 1754 reddit
511 1706 576 1766 quod
587 1718 691 1767 accepe·
714 1712 769 1756 tens
780 1723 787 1755 a
799 1710 824 1758 et
835 1709 863 1777 iu
871 1711 982 1771 paradiso
994 1711 1166 1759 delectationis
1175 1711 1242 1770 posi-
1332 1746 1334 1751 .

163 1774 203 1821 rit.
215 1776 308 1833 Negare
327 1775 373 1829 tibi
391 1775 521 1834 pecuniam
536 1778 690 1823 numeratam
715 1780 770 1839 tus,
789 1779 863 1839 atque
874 1781 900 1826 in
910 1780 1023 1828 convivio
1034 1780 1162 1840 sapientiae
1178 1780 1244 1827 loca-

163 1845 292 1903 nonlicet,
302 1844 422 1904 quomodo
433 1843 493 1891 licet
504 1845 630 1904 acceptam
641 1856 689 1892 non
715 1846 769 1906 tus,
789 1847 918 1895 considera
936 1861 991 1908 qnia
1007 1843 1165 1907 apponuntur
1185 1849 1242 1895 tibi.

163 1911 255 1960 reterre
267 1913 383 1974 gratiam?
394 1915 422 1959 ln
436 1912 574 1972 proverbiis
592 1925 689 1972 quoque
715 1913 840 1975 Scriptura
851 1915 936 1963 divina
953 1917 1095 1965 convivium
1115 1916 1244 1977 sapientire
1312 1957 1313 1964 ,

164 1979 252 2042 habes,
271 1980 335 2040 quod
352 1982 388 2028 ita
401 1981 536 2040 plurimum
555 1980 690 2029 redhibitio
715 1984 767 2030 est:
780 1984 869 2042 singuli
879 1984 939 2031 libri
956 1985 1051 2045 singula
1068 1987 1126 2033 sunt
1140 1986 1242 2035 tercula.

162 2048 209 2097 ista
217 2051 300 2108 gratiae
306 2049 369 2109 apud
374 2050 455 2096 Deum
462 2049 590 2097 consuevit
597 2050 689 2110 valere,
714 2053 826 2112 intellige
834 2053 903 2113 prius
914 2067 969 2114 quae
979 2055 1087 2104 habeant
1094 2055 1242 2103 ferculorum

163 2117 191 2163 ut
202 2117 276 2165 ctiam
287 2117 359 2166 indie
369 2116 447 2165 ruinae
456 2116 566 2164 inveniat
576 2117 688 2177 patiam,
714 2121 788 2180 dapes
795 2156 802 2181 ,
810 2121 835 2168 et
846 2123 904 2169 tunc
912 2123 982 2170 mitte
994 2136 1108 2183 manum3
1117 2124 1145 2171 nt
1153 2136 1242 2185 eaquae

161 2185 258 2242 quando
268 2185 369 2245 possunt
378 2184 563 2245 praeponderare
578 2187 687 2245 peccata.
712 2190 774 2250 legis
782 2192 822 2239 vel
833 2204 888 2251 quae
899 2192 990 2252 accipis
1001 2204 1015 2240 a
1025 2194 1129 2240 Domino
1139 2195 1190 2240 Deo
1201 2197 1243 2240 tuo

160 2253 189 2301 ut
199 2254 259 2314 quid
268 2255 323 2303 aliia
333 2255 387 2303 utar
398 2254 588 2313 exemplis‚cum
604 2255 688 2303 Domi·
712 2259 827 2318 operibus
842 2261 999 2320 exsequaris,
1008 2261 1034 2308 et
1048 2262 1162 2309 collatam
1179 2262 1205 2307 iu
1216 2263 1241 2308 tc

159 2323 240 2373 miuus
250 2324 302 2384 ipse
313 2322 534 2373 remunerationem
548 2324 685 2377 uberiorem
711 2328 814 2388 gratiam
828 2328 916 2377 otti'ciis
925 2331 1086 2388 repraesentes
1097 2343 1104 2376 a
1117 2331 1146 2375 ut
1156 2331 1242 2376 Petrus

158 2393 687 2456 sanctornmmeritisiuEvaneeliopollicea·
711 2397 859 2455 elluatus,
879 2398 922 2456 qui
949 2397 1140 2456 evangelizando
1160 2397 1241 2443 vicem

159 2463 212 2523 tur,
222 2464 295 2530 atquo
310 2464 455 2513 exhortetur
464 2464 492 2510 ut
502 2476 632 2524 operemur
642 2465 687 2512 bo-
711 2465 841 2524 quamdam
864 2465 972 2524 largitori
999 2465 1110 2511 muneris
1128 2464 1242 2510 reddide

157 2543 218 2579 num
227 2531 550 2592 opus,diceus:l)irnittitcct
559 2535 687 2581 dimittetur
710 2534 785 2592 runt,
795 2534 824 2580 ut
831 2534 929 2591 possent
939 2533 1030 2591 singuli
1041 2533 1123 2580 dicere
1136 2545 1143 2577 a
1156 2534 1241 2580 Gratia

159 2601 224 2649 cotie
234 2615 243 2647 .-
252 2603 304 2648 dote
314 2604 336 2649 et
355 2601 448 2651 dabitur
457 2602 539 2652 vohis:
550 2615 686 2651 mensurcm
711 2604 788 2648 cutem
799 2603 845 2648 Dei
857 2614 909 2648 suna
927 2601 987 2661 quod
997 2613 1061 2656 mm,
1070 2602 1091 2646 et
1106 2602 1184 2658 pratia
1192 2602 1242 2657 cine

161 2668 260 2727 mem,
270 2667 422 2729 coornatam,
432 2672 633 2732 supereffluentem
642 2673 686 2720 de·
710 2682 783 2728 epona
800 2670 825 2715 in
840 2681 877 2715 mc
891 2681 939 2716 non
957 2669 1002 2727 fcit
1013 2681 1022 2714 ε
1033 2668 1072 2716 aed
1082 2667 1241 2716 abundantias

159 2737 473 2789 huntindoniensem?
710 2739 872 2787 itttsomnihes
884 2739 998 2787 laboravi.

106 2849 110 2858 ,
190 2805 244 2854 itio.
264 2807 454 2868 ltaqueetillud
467 2806 607 2858 conrivIum
617 2808 686 2856 Salo-
741 2805 794 2852 166.
806 2802 874 2853 Alius
884 2818 941 2865 ergo
959 2804 1066 2854 iructnm
1080 2807 1176 2864 accepti
1196 2806 1240 2853 bo-

158 2876 237 2923 monie
247 2887 296 2923 non
306 2876 421 2936 methis,
429 2877 473 2925 sed
484 2877 515 2924 de
525 2877 640 2936 operibus
649 2877 685 2924 est
710 2875 808 2934 peficit,
819 2876 849 2922 ut
863 2886 951 2921 aurum
965 2887 1041 2932 auro,
1056 2876 1183 2933 argentum
1200 2888 1241 2921 ar-

158 2944 236 2992 bonis.
244 2945 297 3003 Quo
308 2945 375 2994 enirn
390 2945 479 2994 melius
490 2946 622 3006 epulantur
631 2945 684 2993 aui·
709 2945 782 3004 genio
793 2942 907 3001 rependit
918 2955 925 2986 r
936 2942 998 2989 alius
1016 2942 1144 3000 laborem,
1162 2943 1239 3001 alius,

157 3012 206 3071 mi,
216 3026 289 3073 quarn
305 3014 376 3063 bonis
392 3013 602 3075 iactistdutquid
616 3014 685 3062 aliud
709 3013 775 3059 haud
786 3011 836 3061 ecio
847 3023 878 3058 an
888 3011 963 3058 ctiam
979 3010 1143 3071 locupletius,
1159 3012 1240 3059 solum

156 3082 497 3144 tamtactlepotestjustorum
506 3085 608 3144 explere
616 3096 684 3131 men·
708 3076 1239 3138 restituitatiectum.erideuimsireddc'udi
1324 3140 1327 3144 Ι

156 3152 207 3211 tes,
216 3165 290 3214 quam
301 3153 359 3201 boni
370 3153 452 3213 operis
461 3151 626 3205 conscientiat
635 3152 683 3211 Qui
709 3152 777 3198 nulla
788 3151 889 3198 incultas
899 3149 1022 3211 suppetit!
1032 3151 1062 3196 ln
1072 3151 1192 3198 beneticio
1200 3163 1240 3197 re·

156 3221 239 3269 cutm
258 3221 389 3280 jucundior
404 3223 491 3282 cibus,
507 3234 582 3283 quam
601 3220 682 3268 tacere
708 3220 809 3287 terendo
819 3221 875 3280 plus
882 3220 979 3267 animus
993 3231 1068 3280 quam
1078 3232 1166 3269 census
1178 3233 1239 3288 ope-

156 3290 307 3340 roluutntem
324 3290 384 3339 Deli
394 3292 473 3349 Quem
488 3290 572 3337 eibum
581 3290 629 3337 sibi
643 3302 683 3338 so·
707 3290 792 3335 ratur:
805 3288 929 3348 magisque
945 3287 1113 3346 praeponderat
1130 3288 1239 3334 benero-

156 3361 208 3409 lum
227 3359 347 3409 Dominus
370 3359 492 3409 abundare
519 3357 681 3416 memoravit,
708 3356 801 3416 lautia,
832 3368 906 3416 quam
933 3355 1083 3415 possibilitas
1111 3353 1237 3403 referendi

155 3428 219 3477 sieut
230 3429 349 3488 seriptum
359 3429 398 3476 eet
415 3429 440 3477 iu
451 3427 583 3486 Evangelio
598 3429 682 3476 :Meus
708 3428 824 3476 muneris.
835 3427 919 3475 Gratia
929 3425 996 3474 enim
1011 3425 1038 3472 iu
1055 3437 1085 3472 eo
1102 3424 1156 3484 ipso
1174 3425 1240 3484 quod

155 3496 219 3544 citer
234 3499 275 3554 est,
293 3500 320 3544 ut
330 3498 418 3557 facicm
438 3498 582 3546 voluntatem
600 3498 682 3547 Patria
708 3496 826 3556 habetur,
842 3495 958 3543 retertur.
976 3494 1061 3552 lingna
1076 3491 1238 3551 igiturbene-

156 3565 202 3612 anci
212 3566 252 3625 qai
262 3567 295 3613 eat
305 3566 402 3614 incaelo.
419 3611 421 3614 Α
706 3565 828 3623 volentia,
843 3577 898 3625 quae
923 3562 1020 3612 etiarnsi
1033 3560 1098 3607 nihil
1113 3558 1239 3615 conterat,

186 3631 238 3680 lob.
248 3634 299 3680 tloc
308 3633 363 3680 cibo
372 3633 539 3693 delectemur,
547 3633 579 3680 de
589 3645 637 3692 quo
646 3631 682 3680 ait
706 3633 881 3691 pluserlribet:
890 3631 1009 3678 etenmin
1017 3626 1166 3688 patrimonio
1173 3625 1238 3672 nihil

153 3702 276 3762 Propheta
293 3714 301 3747 a
317 3702 435 3749 Detectorc
454 3704 480 3750 in
501 3703 611 3750 manino.
632 3701 682 3748 Hoc
706 3700 808 3756 habeat,
823 3699 924 3757 largitur
938 3697 1066 3758 pluribus3
1086 3694 1161 3753 idque
1179 3692 1239 3740 iacit
1328 3749 1330 3751 ,

155 3772 210 3820 cibo
220 3769 389 3827 delectantur,
400 3770 442 3829 qui
453 3770 590 3828 superiores
601 3769 683 3816 delec-
706 3767 815 3815 sineullo
823 3766 1108 3826 suidispendio,etlucro
1116 3762 1238 3810 omnium.

154 3840 259 3889 tationes
277 3836 385 3887 mirabili
406 3836 504 3897 ingenio
522 3837 682 3896 eompreheu-
706 3839 736 3885 Et
756 3837 813 3885 ideo
839 3837 939 3897 praestat
963 3833 1137 3883 benevolentia
1154 3842 1242 3890 vsupra

153 3909 255 3970 derunt,
266 3907 310 3968 qui
319 3906 420 3967 possunt
429 3906 492 3954 scire
503 3907 584 3966 qualis
594 3906 626 3954 eit
635 3906 679 3954 illa
706 3907 783 3967 ipsam
792 3906 974 3954 liberalitatem.
981 3905 1061 3951 Ditior
1069 3904 1122 3949 haee
1129 3901 1240 3948 moribus

153 3976 244 4025 anuuda
255 3976 281 4024 et
293 3972 458 4034 intelligibilis
473 3975 563 4022 mentis
574 3974 680 4024 delecta·
705 3987 777 4036 qnam
788 3975 830 4022 illa
839 3974 996 4030 muneribus3
1007 3971 1092 4030 plures
1102 3969 1169 4016 enirn
1181 3972 1241 4016 serit

128 4048 131 4057 “
152 4044 196 4092 tio.
212 4043 319 4102 *lidamus
332 4053 390 4102 ergo
400 4053 477 4102 panes
491 4041 636 4102 sapientie,
653 4044 678 4092 ct
704 4044 748 4103 qui
754 4041 865 4102 indigent
876 4038 1095 4096 berrencio,quam
1106 4035 1148 4095 qui
1161 4036 1240 4083 abun·

151 4113 289 4161 saturemur
308 4109 678 4171 inrerboliei;‹1uianon·in
706 4111 774 4159 dant.
1179 4134 1182 4139 ,

1081 4170 1114 4210 tl.
