2752 4814
325 390 505 436 Expostulo
523 394 557 439 ln
573 397 699 451 LUCAM,
714 401 814 447 tinen
828 405 988 456 QUINTUS·
1170 411 1195 458 ll

115 471 176 550 Quin
193 483 240 519 nou
257 485 308 520 enm
325 475 406 533 monus
421 478 502 524 occari
511 480 642 539 apostolum
666 495 750 530 nomen
769 486 866 533 Domini
885 490 1013 546 invocabo,
1025 489 1070 537 boc
1082 493 1132 549 cst,
1143 505 1199 551 pas-

27 608 30 617 !
114 552 170 616 quio
184 543 316 599 peroccnlns
333 555 385 588 cnm
395 543 523 591 Ecclesium
535 548 642 594 Dci.llle
667 550 771 600 sionem.
782 554 852 600 Unde
862 556 938 602 etiam
950 556 1054 617 illisqui
1064 557 1095 604 ad
1111 559 1199 607 dexte-

114 606 190 664 rprlur
206 608 321 666 peccator
338 609 395 655 ante
415 609 505 670 fidem,
522 625 566 659 nos
583 627 642 662 vero
666 629 719 663 ram
731 622 770 667 vel
781 621 812 667 ad
823 622 947 670 sinistram
959 623 1045 670 sedere
1057 625 1198 685 cupiebant,

113 672 195 720 adbuc
214 687 344 734 peccamus
362 676 415 734 post
432 677 514 726 tidem.
527 681 574 737 Qui
585 693 643 740 pec·
667 685 718 733 ait:
731 690 830 738 Potestis
847 690 922 738 bibere
932 693 1025 739 calicem
1035 706 1102 752 quem
1113 707 1153 754 eqo
1165 695 1199 741 ln·-

113 742 182 820 cator
194 743 244 800 est,
259 741 348 790 defleat
363 755 404 801 se,
421 744 447 791 et
458 747 543 805 arguat
559 759 599 806 se3
614 749 642 796 ut
667 754 756 804 bitures
771 758 843 806 snm?
854 760 934 818 Usque
946 760 976 806 ad
992 760 1067 806 linem
1079 762 1104 808 te
1115 761 1200 820 ducit,

112 810 242 869 lintJustus
253 823 260 858 ε
272 813 366 868 insius,
377 812 458 871 enim,
476 818 599 864 accusator
609 821 642 866 est
666 835 742 881 usque
765 826 796 872 ad
814 827 960 885 martyrium
981 829 1153 890 prosequitur,
1171 831 1199 878 ei

31 920 35 930 ,
110 881 157 927 cui.
665 893 792 940 constituit
804 893 986 942 beatitudinum
1005 900 1119 956 palmam.

142 949 181 996 bo.
208 948 325 1027 (lrdinem
346 949 422 1010 igilur
449 964 641 1013 persequamur,
694 960 733 1007 lid.
750 962 812 1008 Vide
830 961 908 1021 igitur
924 963 1044 1012 ordinem.
1056 967 1156 1026 Oportet
1170 967 1196 1016 to

111 1017 169 1076 quis
180 1017 299 1076 scriptum
309 1019 346 1064 est
357 1031 364 1064 c
377 1019 486 1067 Ordinato
497 1023 522 1068 in
533 1035 569 1068 one
578 1025 641 1069 cori·
664 1023 718 1070 lieri
729 1038 862 1085 pauperem
873 1028 978 1086 spiritu3
990 1030 1117 1078 humilitas
1128 1032 1196 1079 enim

111 1088 192 1134 tatem.
210 1086 318 1145 Deposui
337 1089 481 1146 peccatum,
503 1090 639 1148 temperavi
664 1093 1197 1160 spiritusdivitiaevirtulumsuntn'nipnn·

110 1167 205 1213 rueres,
221 1154 312 1207 delicta,
322 1154 532 1204 detlevicesnrlre
548 1158 639 1217 incipio
663 1172 709 1219 per
719 1161 810 1221 tueris,
822 1164 890 1210 mitis
901 1177 954 1212 esse
966 1178 1014 1213 nou
1032 1168 1132 1227 poteris.
1148 1168 1195 1224 Qui

110 1225 137 1272 et
146 1224 215 1272 sitire
223 1223 354 1281 iustitiam.
371 1226 440 1284 AEger
455 1226 521 1271 enirn
539 1239 597 1273 cum
612 1228 639 1273 iu
662 1228 730 1274 mitis
740 1231 791 1288 est,
802 1229 884 1288 potest
895 1231 981 1289 lugere
994 1235 1124 1291 praesentia
1135 1247 1143 1280 c
1153 1233 1195 1294 qui

109 1292 180 1351 qrari
191 1292 275 1339 morbo
284 1293 333 1351 est,
342 1304 391 1339 uon
401 1293 492 1350 esurlt3
501 1294 559 1352 quia
569 1295 638 1354 agri·
663 1295 779 1343 interiora
794 1299 877 1358 luget,
895 1301 976 1358 polest
987 1301 1129 1349 desiderare
1144 1314 1196 1350 mo

110 1360 203 1408 tudinis
214 1360 283 1408 dolor
293 1360 384 1407 larnern
394 1360 513 1407 excludit.
525 1361 573 1408 Sed
583 1375 638 1421 quae
662 1364 786 1424 liocasqui
795 1367 919 1425 superiora
924 1369 1023 1428 quaerit,
1032 1369 1147 1416 interiora
1152 1370 1196 1417 de·

110 1427 149 1475 est
165 1427 211 1474 iste
226 1427 302 1476 tames
317 1426 437 1485 justitia?
454 1427 501 1485 Qui
520 1431 578 1477 sunt
595 1430 637 1477 isti
662 1431 738 1490 vitat,
750 1434 776 1480 ut
786 1434 874 1492 etipse
886 1436 1079 1494 asuperioribus
1090 1437 1194 1494 adjuve-

109 1507 186 1555 panes
192 1508 253 1556 quos
263 1496 340 1543 esurit
348 1493 484 1553 justusllle
493 1494 555 1543 torto
561 1508 637 1555 panes
661 1499 701 1546 tur
712 1513 719 1546 ε
731 1502 773 1560 qul
784 1502 927 1565 miseretur,
939 1515 980 1550 cor
997 1517 1069 1553 suum
1081 1505 1191 1554 mundat.

109 1565 146 1611 illi
156 1564 285 1625 dequibus
295 1565 387 1612 dictum
395 1564 432 1610 est
441 1577 448 1610 ε
457 1567 550 1612 incenis
557 1567 607 1624 fui,
615 1568 637 1613 et
660 1568 724 1624 Quid
729 1571 766 1618 est
771 1570 837 1616 euim
844 1571 961 1617 mundare
966 1573 1138 1632 animum,ulsi
1143 1587 1193 1629 sor·

108 1635 188 1692 scum,
195 1638 217 1683 et
224 1648 273 1682 non
282 1636 331 1682 nidi
336 1635 426 1692 janum
437 1635 584 1691 derelictum,
595 1649 637 1682 nec
660 1635 716 1682 dem
726 1639 812 1686 mortis
824 1638 1094 1701 abolereiiiiecmosyno
1103 1642 1168 1688 enirn
1176 1657 1193 1690 a

106 1717 184 1752 omnen
194 1703 243 1763 cias
254 1716 359 1764 querens
376 1715 468 1762 posen.
485 1702 533 1759 Qui
544 1704 635 1763 esurit,
659 1707 1193 1769 mortetiberotrpatientiaveroperfectioest

106 1774 193 1834 utique
199 1775 292 1823 virium
297 1772 557 1833 quaeritangmenlnm.
566 1775 636 1830 Quod
660 1775 777 1823 caritatis.
786 1777 834 1833 Qui
845 1778 928 1825 nutem
938 1778 1032 1837 patitur
1040 1780 1193 1840 persecutio-

107 1843 191 1889 uutem
210 1841 288 1899 maius
313 1840 414 1888 virtutis
434 1839 635 1901 incrementum,
659 1854 730 1900 nem,
748 1843 775 1889 in
785 1844 873 1891 ultimo
893 1846 1028 1893 certamine
1044 1847 1192 1894 constitutur

106 1922 181 1970 quam
192 1922 276 1958 norma
291 1907 407 1966 justitiari
659 1912 775 1969 probatur
783 1912 941 1972 adversis3ut
949 1927 1007 1961 curn
1018 1914 1127 1972 legitime
1136 1927 1191 1961 cer-

136 1980 177 2026 bl.
188 1980 244 2028 Post
261 1979 324 2025 hos:
341 1979 423 2032 Beati,
435 1975 528 2035 inquil,
543 1980 636 2026 miseri-
659 1979 763 2038 laverit,
775 1983 913 2027 coronetur.
928 1983 977 2027 llos
987 1982 1087 2041 quidum
1103 1982 1192 2038 gradus

106 2050 201 2108 corben
217 2049 339 2106 justitiam
357 2045 424 2092 enim
438 2045 549 2104 sequitur
563 2047 636 2094 mise·
659 2045 746 2093 volunt
756 2059 809 2093 esse
820 2048 954 2106 virtutum,
965 2062 1010 2107 per
1018 2061 1079 2108 quos
1092 2049 1122 2094 ab
1133 2048 1192 2096 ulti·

106 2115 221 2163 ricordIa.
233 2115 303 2162 Unde
321 2113 414 2161 dictum
432 2115 469 2161 est
486 2125 493 2158 τ
509 2116 634 2174 Disponit,
659 2115 707 2160 mis
716 2115 747 2160 ad
760 2116 885 2174 superiora
897 2117 1018 2175 possimus
1029 2117 1187 2164 adscendere.

89 2186 167 2232 >dedit
183 2185 336 2245 puaperibus,
353 2184 442 2241 iustitio
457 2182 505 2241 ejus
518 2187 598 2232 monet
609 2186 635 2232 io
689 2181 728 2229 6l.
739 2184 850 2243 Denique
869 2184 932 2231 sicut
947 2185 1100 2232 incrementa
1110 2185 1190 2233 virtu·

105 2255 226 2300 numum.
237 2253 285 2299 Sed
297 2253 372 2299 etiarn
382 2250 425 2310 qui
441 2250 634 2299 misericordiam
658 2251 724 2311 tum,
740 2253 775 2298 ita
792 2253 867 2300 etiam
886 2255 942 2301 sunt
961 2255 1112 2301 incrementa
1128 2267 1190 2313 prae·

106 2319 200 2378 defert,
211 2320 349 2367 mercedem
362 2319 468 2376 amittit,
479 2319 527 2366 nisi
544 2320 635 2367 mundo
658 2320 764 2367 mierum
773 2321 886 2379 ;plusest
894 2322 961 2368 enim
969 2322 1016 2368 Dei
1024 2334 1077 2369 esso
1088 2322 1188 2381 Filium,

106 2390 179 2438 corde
198 2390 355 2447 miserealnr3
374 2399 431 2434 nam
449 2388 471 2435 si
491 2387 634 2445 iactantiam
657 2400 731 2447 quarn
742 2383 872 2448 possidere
886 2391 991 2449 terram,
1003 2392 1028 2438 et
1043 2392 1188 2439 consolatio-

104 2459 212 2520 quaerat,
231 2459 314 2506 nullus
334 2458 372 2505 est
395 2457 499 2504 iunctus.
523 2458 634 2505 Emunda
658 2468 715 2502 nem
727 2457 826 2523 mereri.
839 2458 887 2506 Sed
897 2458 956 2518 quia
967 2460 993 2505 et
1004 2458 1112 2517 primum
1124 2471 1188 2517 prae-

104 2529 179 2588 iqitur
193 2528 311 2575 interiora
325 2527 416 2574 mentis
426 2526 476 2573 tuae
488 2539 494 2572 ε
507 2528 532 2573 et
543 2527 563 2572 si
576 2527 634 2574 dili·
657 2525 1188 2585 mlumreqnumcoelorumest,etnltln1unr

104 2596 192 2658 genter
201 2595 307 2655 pectoris
316 2595 354 2642 tui
365 2594 458 2641 secrete
467 2594 633 2655 mundaveris,
656 2594 783 2651 praemium
800 2606 905 2652 regnum
917 2595 1032 2640 coelorum
1044 2597 1081 2640 est
1094 2607 1101 2638 ε
1114 2606 1186 2640 num·

104 2664 243 2721 compatere
255 2663 286 2708 iis
299 2663 342 2722 qui
353 2662 528 2720 impugnantur
539 2675 545 2706 ε
558 2664 583 2709 et
593 2663 633 2708 in-
656 2660 716 2719 quid
740 2661 833 2720 aequale
861 2661 990 2719 premium
1009 2661 1186 2719 incipientibus

104 2729 428 2790 telligequantihominum,
440 2729 632 2788 quantitratrum
656 2731 730 2788 atque
748 2729 866 2789 perlectis
885 2729 938 2777 est?
955 2730 991 2776 Ne
1008 2728 1071 2776 torto
1084 2730 1187 2788 mystice

104 2802 201 2848 tuorum
212 2799 333 2848 auxilium
343 2800 413 2845 tuum
421 2799 540 2857 quaerant.
656 2798 772 2845 docemur
779 2799 839 2858 quia
850 2799 888 2847 est
901 2799 1008 2858 primum
1022 2810 1125 2857 regnum
1137 2809 1186 2844 coe·

134 2869 172 2917 58.
184 2869 232 2916 Sed
239 2868 287 2915 uisi
294 2868 320 2914 tu
328 2867 397 2926 prius
409 2866 527 2913 interiora
537 2867 579 2914 tua
589 2881 632 2916 va·
655 2869 735 2914 lorum
746 2869 972 2928 illudapostolicum
981 2882 987 2914 =
997 2870 1097 2916 Dissolvi
1106 2871 1128 2916 ct
1138 2882 1185 2917 csso

103 2935 411 2986 cuelecerisebomuilabe
422 2932 631 2994 peccati,nedis-
655 2949 708 2982 cnm
720 2937 820 2984 cbristo.
840 2938 920 2983 Habes
942 2937 1051 2997 primum
1067 2948 1185 2996 reguum,

102 3007 228 3055 sensiones
248 3005 467 3063 contentionesque
487 3017 521 3051 ex
541 3005 632 3053 ellectu
655 3004 751 3062 quando
759 3005 835 3052 sancti
846 3005 974 3063 rapiuntur
982 3006 1008 3051 in
1019 3005 1125 3051 nubibus
1140 3005 1185 3050 ob-

103 3077 145 3123 tuo
155 3075 287 3136 prodeant,
297 3086 347 3120 nou
358 3074 428 3132 potes
438 3073 493 3118 allis
502 3072 566 3119 terre
578 3085 631 3120 me·
654 3071 720 3117 viam
730 3071 825 3119 Christo
844 3072 869 3117 in
880 3084 950 3130 aera;
969 3072 1041 3119 multi
1052 3074 1118 3120 enim
1129 3071 1186 3118 dor-

101 3145 218 3192 dicinam.
233 3145 253 3190 ll
267 3145 292 3190 te
307 3143 382 3202 igitur
396 3152 483 3199 pacem
495 3140 593 3200 incipe;
603 3142 631 3190 ut
654 3138 784 3186 minutium
795 3141 895 3198 surgent
907 3152 914 3185 τ
926 3140 968 3186 isti
983 3140 1010 3186 in
1022 3141 1101 3188 vitam
1112 3140 1185 3188 aeter-

102 3224 158 3258 cum
176 3210 253 3259 tueris
264 3210 316 3268 ipse
331 3207 460 3268 pacincus,
476 3221 562 3267 pacem
575 3209 630 3256 aliis
653 3219 723 3267 nom,
740 3208 777 3254 illi
788 3208 815 3254 in
826 3210 995 3268 opprobrium.
1007 3211 1115 3257 Primum
1127 3222 1185 3269 erqo

101 3279 175 3326 ieras.
197 3277 320 3335 Quomodo
341 3277 408 3323 enirn
430 3274 500 3333 potes
523 3276 629 3323 aliorum
652 3288 755 3335 regnum
764 3278 881 3324 coelornm
890 3277 980 3324 sanctis
988 3279 1138 3337 propositum
1147 3279 1184 3326 est

101 3345 174 3394 corda
183 3344 316 3403 mundare,
324 3343 449 3390 nintunn
459 3342 517 3389 aute
525 3342 629 3391 munda-
652 3345 841 3393 inabsolutione
853 3346 976 3404 corporis:
989 3345 1184 3406 secundumreg·

101 3410 184 3460 verist
652 3425 712 3459 nurn
722 3413 839 3460 caelorum
855 3415 893 3460 est
908 3415 963 3471 post
977 3414 1185 3462 resurrectionem

131 3481 169 3528 bs.
182 3479 295 3528 Proluisti
306 3477 381 3538 igitur
389 3477 453 3536 aliis,
464 3478 544 3525 tulisti
556 3479 628 3525 auxi·
652 3493 705 3528 esse
718 3494 774 3528 cum
787 3481 889 3529 Christo.
901 3483 958 3529 Cum
971 3482 1047 3528 lueris
1064 3482 1089 3527 in
1107 3494 1185 3539 regno

99 3549 162 3594 llum
177 3547 290 3607 pluribus
307 3560 315 3592 ε
335 3545 437 3605 festina,
453 3546 575 3593 contende
597 3546 629 3593 ad
652 3550 784 3608 coelorum,
803 3551 862 3598 tunc
881 3563 1007 3611 processus
1024 3549 1061 3596 est
1079 3549 1183 3593 mansio·
1281 3582 1286 3595 ,

100 3616 184 3663 linem.
195 3615 266 3662 llulti
285 3626 341 3662 cum
359 3615 441 3661 essent
459 3615 628 3673 cuiinvito,
651 3629 711 3663 num
722 3630 728 3661 z
741 3618 786 3663 etsi
800 3631 874 3664 unum
893 3630 1010 3675 regnum,
1027 3616 1124 3661 diversa
1144 3614 1183 3659 tn·

99 3697 165 3732 unns
184 3683 287 3728 Domino
305 3683 475 3740 competebat3
491 3694 548 3726 narn
564 3683 629 3737 quod
652 3683 1117 3741 menmeritasuuttriregnocoelorum.
1127 3682 1182 3728 Post

100 3752 186 3799 natum
198 3751 249 3796 erat
259 3750 393 3795 secundum
404 3759 502 3794 carnem
513 3778 520 3804 ‚
530 3747 628 3804 oporte-
652 3747 857 3794 resurrectionem
878 3751 969 3801 terram
989 3750 1061 3801 tuem
1077 3747 1182 3808 incipies

100 3821 143 3869 bat
152 3817 285 3866 secundum
295 3810 393 3862 carnem
401 3813 473 3860 mori.
484 3813 563 3871 Elegit
573 3826 629 3872 pas·
652 3814 789 3876 possidere,
800 3816 924 3863 absolutus
935 3827 949 3861 a
960 3815 1047 3862 morte.
1057 3815 1101 3862 llle
1113 3817 1181 3865 enim

100 3887 194 3934 sionem
209 3887 237 3933 ut
255 3882 392 3931 moreretur
401 3894 445 3941 pro
461 3881 550 3928 nobis:
564 3882 590 3928 et
600 3883 628 3929 tu
652 3883 692 3930 cui
702 3883 807 3930 dicitur:
819 3887 892 3932 Terin
903 3899 926 3932 ec
934 3917 943 3942 ,
951 3887 972 3933 et
985 3887 1010 3932 in
1021 3887 1107 3932 mom
1120 3887 1180 3943 ibis,

100 3955 140 4002 dic
150 3956 182 4003 de
192 3954 306 4002 omnibus
321 3965 375 4012 quae
386 3952 501 4000 retribuit
518 3951 565 3998 tibi
581 3951 628 3999 llo·
651 3964 701 3999 uon
721 3952 828 4011 possidet
843 3954 935 3999 terram
950 3965 1032 4013 suom3
1049 3965 1097 3999 non
1113 3954 1181 4003 enim

101 4025 181 4073 minus
192 4039 199 4071 c
211 4026 312 4073 Culicem
329 4023 440 4070 solutoris
459 4023 591 4082 accipiam,
605 4024 628 4068 ct
651 4019 802 4080 potestesse
822 4032 956 4080 possessor,
978 4022 1020 4080 qui
1044 4033 1092 4068 non
1115 4021 1180 4080 capit
