2752 4814
211 371 241 416 ot
603 374 723 418 slncrl
742 373 900 418 nslssnosll

212 454 321 514 tionem,
341 455 436 514 oportet
452 453 519 502 enim
536 456 565 502 ut
584 454 675 502 divinis
691 454 739 500 hu·
764 452 859 500 duobus
870 457 907 501 est
924 452 1070 512 intelligere.
1082 453 1142 501 'l'res
1157 452 1224 500 enim
1240 451 1296 500 anl-

213 536 284 571 mana
300 525 452 584 posthabeas.
468 527 527 572 llam
544 525 565 571 si
580 523 685 572 cilicium
696 535 740 584 pa-
763 532 809 566 mae
825 520 853 567 iu
870 532 971 579 corpore
988 520 1129 568 affectiones
1147 521 1205 568 sunt
1220 533 1227 565 e
1242 531 1295 567 una

213 593 325 640 rentibus
333 593 501 640 exhibendum
510 593 556 652 est,
564 593 740 653 quantomagis
764 587 928 647 rationabilis,
943 588 991 634 alia
1007 589 1223 650 concupiscibilis,
1241 590 1294 636 ter·

214 661 308 709 auctori
323 665 468 722 parentum,
486 663 526 709 cui
545 662 647 721 gratiam
665 661 739 709 etiam
764 653 797 700 tia
808 654 970 714 impetibilis,
982 654 1028 702 ¹1⁰⁰
1039 656 1091 714 est,
1108 653 1221 715 knew,
1232 671 1294 717 ορα-

213 741 257 790 pro
272 731 415 789 parentibus
428 731 478 778 tuis
494 729 586 778 debes?
600 729 649 777 lut
664 729 685 776 si
702 729 739 775 illi
762 737 826 780 suos,
837 724 1003 783 emmelim
1012 723 1294 784 ergoduoinduosased

213 797 311 845 omnino
334 810 385 844 nou
403 798 579 858 recognoscunt
597 796 739 858 parentem,
763 790 811 838 duo
822 791 848 838 iu
857 792 922 851 tres,
933 792 959 839 et
969 792 1019 840 tres
1030 790 1124 839 induos
1133 792 1292 852 dividentur3

213 864 418 923 quemadmodum
443 866 472 913 tu
497 861 668 924 recognoscas?
688 865 740 911 Non
763 859 855 906 etenim
866 873 913 921 per
923 859 1056 908 adventum
1066 861 1154 909 Christi
1162 862 1237 908 bomo
1247 862 1292 922 qui

214 933 290 993 igitur
300 933 362 980 dicit
377 933 568 980 renuntiandum
585 944 638 980 esse
653 931 740 991 pigno-
763 928 817 974 erat
834 928 1023 989 irrationabilis,
1041 928 1194 977 rationabilis
1212 929 1293 978 factus

212 1001 738 1061 ribus,sedileumomnibuspraelerendum.
763 996 983 1045 estatuteeramus
991 997 1293 1060 similesbestiarumquae

213 1070 326 1130 nonique
337 1071 449 1118 naoesm
460 1071 508 1117 arro
519 1070 582 1117 icaro
593 1083 600 1116 ι
613 1071 740 1131 poserem
762 1064 883 1112 rationem
900 1066 1027 1125 nectunt,
1050 1078 1148 1114 eramus
1164 1068 1291 1128 camales,

212 1141 303 1198 petrem
319 1141 360 1186 uui
370 1142 469 1186 matrem
483 1140 535 1199 pius
545 1152 616 1199 quum
627 1152 680 1196 me,
691 1151 739 1186 non
763 1144 860 1182 eramus
867 1134 960 1182 terreni
967 1134 1038 1194 iuxta
1046 1135 1114 1182 iilam
1126 1134 1274 1184 sententiam
1285 1151 1295 1185 a

213 1208 246 1253 eat
260 1220 297 1254 me
316 1209 407 1267 diqnus.
422 1208 474 1254 lton
489 1207 592 1267 diligere
611 1208 738 1267 parentes,
764 1205 838 1251 Terra
852 1217 891 1261 0⁸,
906 1207 928 1252 ⁶¹
942 1206 968 1251 5²¹
979 1207 1067 1251 ‘mam
1082 1204 1134 1252 ibit·
1150 1205 1227 1253 Venit
1244 1205 1293 1254 Dei

213 1275 258 1323 sed
274 1286 315 1323 eos
330 1276 382 1323 Deo
392 1275 507 1335 praeferre
522 1275 674 1336 prohiberis;
687 1276 740 1323 ete-
762 1270 851 1329 Filius,
865 1271 934 1319 misit
952 1270 1070 1330 Spiritum
1085 1283 1157 1318 suum
1173 1270 1200 1318 iu
1218 1271 1293 1320 corda

213 1344 265 1390 nim
283 1344 377 1391 naturae
391 1344 492 1402 pignora
506 1344 604 1390 Domini
620 1344 739 1391 beneficia
762 1337 857 1397 nostra3
866 1337 924 1385 faeti
935 1337 1072 1386 sumusfilii
1082 1337 1234 1397 spirituales.

214 1410 270 1458 sunt
282 1424 288 1455 ι
300 1423 346 1457 nee
359 1411 489 1470 quisquam
503 1411 576 1459 debet
589 1411 644 1471 plus
658 1424 738 1460 amare
789 1405 843 1454 tw·
864 1407 993 1454 Possumus
1014 1405 1096 1454 dicere
1117 1407 1175 1467 quia
1192 1406 1220 1454 in
1244 1407 1292 1457 huc

213 1478 360 1526 beneficium
373 1479 438 1538 quod
455 1479 563 1539 accepit,
578 1491 651 1540 quam
660 1481 738 1528 Deum
762 1472 833 1521 domo
849 1476 906 1522 sunt
920 1474 963 1521 alii
977 1474 1102 1535 quinque,
1112 1474 1139 1521 id
1153 1474 1205 1533 est,
1216 1476 1291 1536 odor,

214 1559 229 1594 a
245 1559 293 1607 quo
307 1547 455 1595 beneficium
471 1548 584 1596 servatur
602 1550 737 1609 acceptum.
761 1542 853 1603 tactus,
864 1545 962 1604 patus,
973 1544 1054 1602 visus,
1070 1543 1176 1591 auditus.
1191 1545 1255 1604 Ergo
1268 1546 1290 1592 si

214 1617 277 1676 Ergo
292 1615 366 1663 etiam
381 1616 514 1664 secundum
524 1616 633 1664 litteram
647 1617 688 1678 pie
700 1617 739 1666 in·
762 1612 894 1659 secundum
903 1620 994 1673 eaquae
1005 1612 1291 1674 audimusautlegimns,

214 1684 384 1743 telligentibus
408 1684 529 1743 expositio
551 1685 665 1745 religiosa
690 1699 738 1734 non
761 1681 1291 1742 separatosensnvisusatqueauditus,ex·

214 1751 300 1812 deest3
311 1753 393 1801 subest
401 1752 482 1800 umen
493 1765 541 1812 quo
551 1754 623 1801 altius
631 1754 739 1803 referen·
762 1748 887 1796 cludimus
901 1748 1037 1810 superfluas
1054 1747 1162 1808 corporis
1176 1749 1292 1809 volupia·

215 1819 274 1868 dum
292 1822 405 1882 putemus
423 1820 488 1869 bunc
502 1833 614 1881 sensum,
624 1824 682 1883 quia
696 1825 738 1872 ad·
762 1817 876 1876 tes‚quae
885 1816 1148 1878 811⁸t1¹‚t³0i11ill¹0‚0t
1161 1815 1291 1877 &orella-

213 1890 295 1939 didit:
761 1884 873 1946 riantur,
894 1887 954 1934 duos
971 1886 999 1932 iu
1020 1884 1071 1932 tres
1088 1884 1238 1946 dividimus3
1256 1899 1290 1942 ⁴eo

213 1964 283 2004 nrum
293 1977 318 2004 ex
332 1967 373 2007 uae
387 1970 485 2018 quinque
497 1970 520 2008 a„
534 1971 653 2011 demeum
665 1969 727 2010 drap,
761 1953 826 2013 quod
840 1954 929 2002 mentis
943 1952 1044 2001 habitus
1057 1952 1172 2001 vitiorum
1182 1964 1232 2001 uon
1250 1966 1290 2002 ca·

247 2021 319 2058 cresin
329 2021 392 2070 duos,
402 2027 422 2061 οἱ
432 2024 475 2062 auo
484 2025 506 2062 in
517 2028 560 2063 iras
567 2025 699 2064 dividentur.
762 2023 841 2082 piatur
855 2023 997 2082 illecebris,
1011 2021 1055 2070 sed
1069 2020 1224 2070 aemulatione
1235 2022 1291 2070 vir·

245 2091 297 2137 l37.
307 2092 353 2150 Qui
362 2095 419 2141 sunt
426 2095 493 2142 enim
500 2096 608 2155 quinque
615 2127 622 2153 ,
630 2109 685 2143 cum
694 2108 739 2143 sex
763 2092 822 2140 tutis
832 2093 982 2141 alenocinlis
990 2105 1016 2140 se
1026 2090 1157 2152 voluptatis
1164 2091 1288 2140 abducat:

213 2170 371 2218 personarum
388 2159 452 2206 taeta
472 2161 585 2208 videatur
603 2161 738 2219 subiectio,
762 2161 788 2207 et
801 2174 833 2208 ne
849 2161 891 2209 tiat
901 2162 1012 2210 omnium
1022 2174 1071 2209 una
1082 2160 1222 2221 consensio,
1233 2175 1290 2222 quaa

213 2226 290 2285 putris
305 2228 331 2273 et
340 2226 399 2286 lilii,
410 2228 494 2275 matris
504 2229 530 2276 et
541 2229 610 2287 tiliae,
621 2242 703 2276 socrus
714 2231 740 2277 et
761 2230 898 2288 praecipitet
915 2231 942 2276 in
960 2242 1080 2289 errorem,
1097 2230 1141 2277 sed
1155 2230 1289 2278 dividendo

213 2292 304 2341 nurus?
319 2296 468 2356 Quamquam
488 2297 575 2344 eadem
590 2298 669 2345 mater
684 2311 739 2359 quae
762 2308 787 2342 se
798 2298 913 2355 separent
929 2297 1051 2345 desideria
1066 2297 1159 2358 cordis,
1171 2297 1197 2344 et
1205 2297 1288 2345 otticia

213 2376 296 2411 socrus
309 2365 387 2425 accipi
402 2367 492 2426 possit,
507 2379 562 2426 quae
576 2367 643 2415 enim
660 2368 740 2415 mater
761 2366 867 2413 virtutis.
879 2367 927 2414 Aut
941 2367 962 2413 si
972 2366 1082 2426 quinque
1097 2379 1182 2414 sensus
1197 2367 1290 2426 accipi-

214 2431 252 2479 est
262 2432 321 2492 lilii,
331 2445 413 2481 socrus
421 2433 475 2491 ejus
485 2435 568 2482 uxoris
577 2437 661 2495 est3ut
667 2437 739 2495 juxta
761 2448 816 2482 mus
829 2436 979 2495 corporales,
995 2436 1056 2483 vitia
1073 2435 1124 2492 jam
1140 2436 1248 2494 corporis
1264 2439 1291 2484 et

99 2526 102 2531 ,
195 2501 320 2549 ‚litteram
334 2515 435 2563 quoque
455 2504 552 2551 numeri
566 2517 616 2551 non
634 2506 738 2553 absurda
761 2504 861 2562 peccata
869 2516 895 2551 se
903 2504 1024 2563 separant.
1032 2503 1061 2550 rt
1069 2501 1169 2550 fortasse
1178 2503 1290 2562 quinque

212 2569 244 2617 sit
258 2572 333 2630 ratio,
345 2572 485 2633 liquidoque
496 2573 585 2620 clareat
595 2573 670 2622 fidem
680 2575 737 2622 vin·
761 2572 818 2618 sunt
828 2584 889 2630 quos
899 2571 986 2618 iratres
995 2583 1052 2619 suos
1063 2571 1105 2617 ille
1118 2569 1144 2616 in
1156 2572 1289 2630 Evangelio

212 2639 274 2686 culis
283 2653 373 2688 nexam
382 2655 431 2689 non
442 2654 495 2690 esse
504 2643 611 2702 naturae,
621 2656 669 2702 quo
679 2645 737 2693 licet
761 2640 830 2688 dives
840 2640 981 2688 luxuriosus
995 2639 1116 2699 appellat,
1126 2639 1169 2698 qui
1184 2641 1291 2688 cruciari

109 2706 120 2723 ‘
211 2708 291 2757 ollicio
306 2710 404 2770 pietatis
423 2711 537 2770 obnoxii,
554 2712 601 2759 lide
611 2713 693 2762 tamen
709 2716 737 2761 li·
760 2707 907 2756 describitur
922 2708 988 2767 apud
1002 2707 1105 2765 inferos,
1117 2706 1206 2768 quibus
1218 2719 1290 2754 man-

211 2775 340 2826 berisunt.
691 2823 694 2827 ,
760 2775 813 2822 dari
831 2776 899 2835 rogat
914 2777 944 2822 ut
960 2774 1076 2823 noverint
1093 2774 1119 2821 in
1136 2775 1183 2822 hoe
1199 2776 1291 2822 saeculo

243 2843 294 2888 158.
305 2845 356 2890 Non
367 2844 525 2906 incongruum
533 2858 630 2908 quoque
640 2849 738 2898 videtur
760 2842 860 2890 delicias
870 2842 1015 2889 abdicandas
1023 2874 1030 2900 ‚
1038 2842 1067 2889 ut
1076 2842 1169 2901 possint
1177 2842 1291 2901 requiem

212 2909 232 2955 si
252 2910 355 2969 mystica
381 2913 583 2973 interpretatione
605 2918 737 2966 enodemus
761 2909 1270 2971 baberepostsaeculum‚studiovirtutis.

212 2978 278 3026 bunc
291 2992 398 3029 sensum.
416 2983 508 3031 Domus
517 2997 581 3045 una,
591 2984 662 3034 bomo
675 2999 737 3034 unus
787 2982 950 3032 lil.Possunt
960 2984 1035 3031 etiam
1045 2982 1124 3032 videri
1142 2995 1198 3031 caro
1214 2983 1291 3043 atque

213 3048 259 3094 est.
272 3049 440 3109 Unusquisque
457 3053 524 3099 enim
535 3054 621 3102 domus
635 3055 678 3102 aut
691 3055 737 3103 Dei
760 3054 841 3100 anima
852 3053 883 3099 ab
894 3053 1070 3112 odore‚tactu,
1081 3053 1203 3112 gustuque
1212 3052 1291 3099 luxu·

212 3118 259 3175 est,
265 3117 305 3163 aut
315 3116 415 3164 diaboli.
424 3120 508 3178 ltaque
514 3121 599 3170 domus
605 3122 738 3181 spiritualis
760 3124 802 3169 riae
817 3124 942 3182 separata,
953 3123 979 3170 in
992 3135 1040 3170 una
1051 3122 1123 3169 domo
1133 3134 1160 3169 se
1170 3121 1291 3169 aduersus

212 3185 284 3232 homo
295 3188 332 3234 est
346 3186 493 3247 spiritualis,
507 3190 572 3238 sicut
583 3190 700 3239 habemus
711 3193 737 3239 in
761 3189 909 3237 incursantia
928 3190 990 3237 vitia
1007 3188 1160 3247 dividentes,
1183 3199 1241 3235 caro
1265 3190 1291 3236 et

212 3253 313 3312 epistola
328 3255 395 3302 Petri
407 3269 414 3301 z
425 3258 458 3304 nt
468 3270 508 3305 vos
519 3261 639 3318 tamquam
653 3261 737 3320 lapides
760 3257 841 3303 anima
855 3255 1015 3314 subjicientes
1030 3268 1056 3302 se
1071 3255 1121 3316 legi
1136 3254 1200 3312 Dei,
1210 3256 1238 3302 et
1249 3267 1292 3302 ro·

210 3323 258 3368 vivi
266 3323 413 3380 edificemini
423 3325 503 3372 donnus
515 3327 641 3385 spiritualis
656 3329 681 3373 in
699 3341 738 3377 au·
760 3326 887 3373 moventes
897 3326 975 3384 alege
986 3325 1081 3384 peccati
1093 3338 1100 3371 a
1112 3335 1216 3384 quorum
1227 3322 1291 3370 licet

211 3391 337 3438 cerdotium
353 3394 469 3439 sanctem.
486 3394 513 3439 ln
529 3394 574 3441 liae
590 3407 648 3454 ergo
666 3395 737 3442 domo
760 3394 878 3442 dissensio
900 3406 945 3453 per
966 3393 1191 3452 praevaricationem
1212 3392 1291 3452 primi

211 3459 259 3506 duo
275 3459 301 3505 in
316 3460 380 3519 tres,
395 3460 446 3507 tres
462 3461 488 3508 ln
506 3461 567 3509 duos
584 3462 735 3510 dividuntur.
761 3462 866 3509 bominis
876 3462 902 3508 in
912 3462 1023 3509 naturam
1035 3474 1062 3509 se
1072 3461 1191 3520 verterit3
1202 3462 1232 3508 ut
1244 3474 1291 3508 ne-

209 3529 275 3575 Duos
299 3527 403 3587 legimus
423 3528 565 3589 frequenter
584 3531 691 3576 animam
712 3531 736 3577 et
760 3542 880 3589 quaquam
890 3531 937 3577 sibi
948 3530 1050 3590 paribus
1063 3531 1094 3577 ad
1107 3530 1227 3577 virtutem
1237 3531 1291 3577 stu·

146 3606 149 3611 ·
209 3609 304 3657 corpus.
315 3596 384 3655 Quod
398 3597 419 3644 si
434 3597 529 3646 duobus
539 3598 638 3646 interra
648 3610 737 3646 eonve-
761 3598 808 3645 diis
828 3599 1002 3658 convenirent3
1022 3599 1105 3647 tamen
1122 3611 1167 3659 per
1187 3611 1291 3646 crucem

208 3665 285 3721 uerit,
299 3664 380 3713 effecit
395 3666 498 3725 utraque
512 3679 599 3713 unum.
612 3667 735 3714 Etalibi:
761 3665 857 3712 Domini
887 3666 1019 3714 Salvatoris
1049 3667 1099 3714 tam
1130 3666 1290 3726 inimicitiis,

210 3734 301 3792 Cestiqo
311 3747 495 3794 commossem,
507 3738 528 3783 et
538 3737 734 3796 seruitutirediqo.
760 3746 832 3794 quam
848 3734 923 3782 etiam
940 3735 1108 3782 mandatorum
1124 3733 1179 3794 lege
1196 3745 1291 3781 vacua-

209 3800 281 3847 Aliud
296 3802 333 3848 est
344 3802 409 3862 quod
420 3804 509 3861 servit,
522 3803 591 3850 aliud
600 3803 641 3850 eui
657 3805 735 3862 subji-
759 3803 807 3861 tis,
818 3803 846 3848 in
856 3803 980 3851 societatis
998 3803 1152 3850 concordiam
1170 3813 1291 3860 congrue·

209 3865 282 3913 citur.
759 3871 830 3928 runt,
848 3872 1005 3931 posteaquam
1023 3872 1150 3922 clamose
1163 3872 1219 3917 coelo
1238 3885 1291 3931 pau

238 3932 291 3991 159.
305 3933 330 3980 Si
340 3935 406 3985 duos
421 3938 577 3998 agnovimus,
593 3935 668 3983 etiam
683 3938 735 3984 tres
758 3941 840 3985 nostra
850 3941 997 4000 descendens,
1016 3942 1069 4000 {ecit
1085 3944 1183 4000 utreque
1199 3952 1291 3999 uuum,
1337 3947 1341 3958 ·

166 4041 170 4048 .
206 4011 388 4059 agnoscamus:
409 4006 474 4065 quod
499 4002 607 4064 proclive
628 4017 660 4050 ers
682 4005 731 4051 illis
759 4007 1014 4068 etmediumpcrietem
1031 4009 1228 4066 moecsioesoisit,
1242 4010 1292 4057 ini·
