2752 4814
533 359 577 432 nn
590 381 681 437 ntus,
695 380 796 430 braun
812 384 840 430 ι.
1167 350 1222 426 ’.ιιι

144 463 516 528 ost,quararnnsquaratlone,
526 479 583 514 enm
593 466 671 514 solum
696 465 815 512 defertur
827 465 864 511 Do
882 460 1224 524 nullonamquequirreatrs

143 548 230 584 verum
251 536 329 583 Deum
345 535 442 582 Patrem
457 535 552 595 legant,
571 546 586 581 a
599 534 671 581 Patre
695 532 859 608 est,proprie
870 529 1023 589 diciputest,
1032 531 1091 589 quia
1102 533 1166 580 solus
1175 534 1223 580 est.

142 593 342 662 Pilinmeupiunt
353 614 476 662 separare.
695 601 755 646 Nam
773 599 816 646 eui
833 597 900 646 inest
914 598 1075 648 communitas
1091 599 1223 658 creature,

174 672 213 719 ab.
225 668 345 719 Sidieuut
362 671 420 731 quia
435 684 511 719 verus
528 668 672 719 Deussolns
695 667 901 728 quemadmodum
921 665 991 725 qnasi
1018 667 1084 714 solus
1104 666 1187 726 potest
1209 679 1226 714 a

143 739 217 787 Pater
232 739 284 797 est,
295 749 384 798 negare
395 736 443 788 nou
458 739 559 798 possunt
570 739 628 797 quia
647 738 672 784 et
696 737 791 785 crateris
799 732 925 795 separaris
936 734 1020 793 ltaque
1033 735 1105 794 bomo
1115 736 1226 785 rationa-

144 807 220 855 l'llins
227 809 293 856 solus
299 806 673 866 Densveritasest3quiacbris·
696 800 754 850 bilis
764 803 864 861 uidetur
880 801 946 848 inter
961 801 1157 858 omuia'terreua
1171 804 1227 853 ani·

144 876 184 924 tus
199 877 290 925 veritas
306 876 352 923 est.
366 876 490 936 Numquid
505 876 598 923 veritas
612 885 672 921 vero
696 871 1010 931 mantia,sedtameunon
1020 870 1227 925 estaolusratto·
1328 904 1331 909 -
1359 877 1361 881 ’

143 944 225 991 minor
241 945 292 1003 est,
307 953 362 991 eum
377 944 513 991 secundum
529 939 673 1002 appellatio·
697 940 802 1000 nabilis3
822 941 913 988 seimus
925 939 993 992 enim
1003 939 1160 989 rationabilia
1172 953 1228 990 esso

144 1023 203 1058 nem
213 1011 338 1058 nominum
349 1023 423 1058 verus
438 1012 584 1070 plerumque
601 1022 615 1057 a
629 1021 674 1056 ve·
697 1012 723 1057 et
733 1010 844 1058 eoelestia
860 1021 935 1069 opera
951 1009 1014 1068 bet,
1024 1009 1130 1068 Angelos
1143 1009 1169 1057 et
1184 1012 1229 1057 br·
1297 1059 1299 1062 ,

144 1079 217 1127 ritate
225 1080 333 1139 dicatur
344 1080 408 1126 sieut
416 1077 673 1138 sapiensasapientia
697 1079 829 1142 ebanqelos
846 1077 1011 1126 rationabiles
1025 1076 1179 1132 eonfitemur.
1201 1077 1229 1126 st

142 1148 222 1206 iustus
232 1147 364 1206 ainstitiat
376 1149 426 1194 lloe
438 1159 483 1194 uos
499 1145 566 1194 inter
576 1147 673 1193 Patrem
698 1158 755 1208 erqo
770 1147 859 1206 Aureli
878 1145 1055 1203 rationabiles,
1070 1155 1121 1191 uon
1140 1144 1229 1205 utique
1309 1159 1311 1170 ¹

121 1211 193 1264 ‘non
203 1216 323 1264 sentimus
342 1218 368 1264 et
382 1209 555 1276 lilium‚ana
567 1216 593 1263 et
608 1213 673 1261 Patri
698 1215 767 1262 solus
781 1215 936 1263 rationabilis
948 1215 1020 1262 homo
1031 1214 1132 1262 martur
1189 1260 1191 1265 ⁴
1245 1264 1251 1270 ,

144 1286 208 1334 nihil
225 1286 308 1346 deest,
324 1286 382 1346 qnia
396 1287 469 1333 Pater
482 1285 524 1333 est
541 1296 637 1332 verax.
649 1284 674 1330 et
727 1285 767 1332 55.
773 1270 996 1333 διᾱάἰὲιιιιιιοίιιιιι
1004 1283 1053 1331 dier
1060 1284 1229 1343 possesorem,

145 1354 285 1414 bilrnsana
294 1355 386 1402 veritas
396 1355 442 1413 est,
450 1353 552 1414 aqualis
560 1354 673 1401 estvero
698 1352 756 1410 quia
773 1353 810 1399 sol
828 1353 891 1400 alter
908 1364 958 1399 uon
974 1353 1020 1400 est.
1036 1352 1067 1400 At
1082 1353 1130 1400 et
1123 1365 1177 1412 lpse
1192 1356 1230 1403 sol

174 1425 214 1471 50.
232 1424 265 1469 Ut
275 1423 353 1470 selant
370 1423 467 1483 autem,
478 1435 535 1487 eum
547 1421 624 1469 solum
637 1422 675 1469 le·
698 1421 773 1469 babet
780 1422 1002 1469 eommuuramnlta
1008 1434 1064 1470 uum
1070 1421 1158 1482 stellis,
1164 1425 1230 1483 quod

144 1492 219 1551 gunt,
234 1503 386 1552 nequaquam
403 1503 456 1538 esse
469 1503 483 1538 a
497 1491 569 1537 Patre
586 1489 674 1536 Filium
698 1489 820 1548 percurrit
835 1490 940 1548 oretum,
951 1490 1018 1550 quod
1032 1489 1147 1538 aedrereae
1161 1491 1230 1540 illius

144 1560 321 1619 separandum,
336 1559 495 1606 meminerint
506 1559 533 1605 ln
548 1558 675 1618 prophetis
699 1557 855 1618 eoelestisque
865 1558 1009 1606 substantiae
1019 1559 1072 1617 est,
1083 1559 1149 1619 quod
1159 1572 1230 1608 erea-

144 1629 221 1676 alleo
232 1629 325 1675 dictum
335 1641 342 1674 z
351 1629 502 1688 queuteudt
513 1628 673 1675 calumanias.
698 1626 753 1674 tura
769 1627 819 1686 est,
834 1627 900 1686 qnod
916 1626 982 1675 iuter
997 1626 1078 1675 omnia
1094 1628 1140 1675 Dei
1154 1640 1230 1688 opera

144 1696 175 1744 Et
183 1697 269 1757 utique
279 1695 452 1743 nonestendit
460 1696 515 1742 sine
524 1695 586 1740 Filio
594 1693 674 1741 Pater.
699 1689 868 1753 computatur,
887 1695 952 1754 quod
971 1707 1028 1742 eum
1047 1696 1160 1742 omnibus
1177 1698 1230 1744 Deo

84 1792 90 1800 ·
140 1766 198 1824 lpse
210 1765 276 1811 eninr
285 1765 364 1810 Filius
374 1763 417 1821 qni
431 1761 555 1821 sapientia
565 1761 612 1806 Dei
623 1764 676 1822 est,
699 1757 791 1820 servit,
804 1774 860 1808 curu
874 1762 987 1808 omnibus
996 1763 1122 1815 benedicit
1134 1764 1228 1823 Deum,

146 1831 208 1879 dicit
219 1832 336 1891 :Quando
347 1830 447 1888 parabat
458 1830 553 1884 eoetum,
565 1841 618 1874 cum
628 1831 676 1889 ipso
700 1841 757 1875 enm
776 1826 890 1896 omnibus
907 1831 1000 1877 laudat.
1018 1831 1070 1876 Non
1089 1843 1146 1890 erqo
1164 1833 1231 1880 solus

146 1901 252 1947 aderam.
264 1898 389 1944 EtPaulns
400 1896 430 1943 de
442 1896 506 1943 Filio
514 1893 565 1943 dre
554 1898 608 1943 tum
624 1910 676 1945 esse
700 1897 799 1956 proprie
818 1898 927 1958 dicitur,
947 1899 1008 1959 quia
1030 1910 1078 1947 nee
1099 1911 1114 1947 a
1133 1901 1230 1949 caeteris
1288 1952 1290 1958 q

147 1966 299 2014 confirmat:
318 1967 387 2011 luttio
407 1966 495 2011 terrum
513 1967 539 2012 tu
559 1957 676 2024 modesti,
697 1969 837 2033 separatur

146 2039 260 2093 Domine,
269 2039 291 2083 et
301 2049 374 2095 opera
385 2047 500 2080 ιιιιιιιιιιιιιι
507 2031 612 2092 'tuarum
623 2038 677 2082 sunt
731 2028 770 2082 521.
782 2027 868 2097 ltaque
879 2049 936 2084 eum
953 2025 1033 2086 Patris
1043 2039 1070 2087 et
1085 2039 1141 2087 Filii
1152 2039 1232 2101 Spiri-

146 2108 206 2154 eoeli.
214 2104 521 2165 Siveergol'ilinseoelum
531 2104 605 2164 lecit,
613 2105 678 2152 sient
701 2103 789 2163 tusque
804 2106 882 2153 sancti
898 2106 1022 2155 divinitati
1032 2122 1106 2168 ,quae
1117 2110 1167 2157 sola
1180 2121 1231 2158 non

148 2175 175 2224 et
192 2176 326 2236 Apostolus,
338 2173 417 2221 uoluit
435 2173 558 2232 intelligi,
580 2172 630 2220 et'
623 2186 677 2234 ipse
701 2173 767 2221 inter
774 2174 922 2232 omnra‚sed
930 2178 1092 2235 superomnia
1100 2179 1150 2237 est,
1161 2179 1231 2226 nulla

148 2243 236 2305 utique
247 2256 295 2291 non
305 2243 358 2292 sine
371 2243 442 2288 Patre
455 2242 544 2289 coeinm
555 2243 620 2290 solus
632 2256 677 2290 ex·
700 2242 776 2308 possit
791 2243 903 2290 ereatura
918 2244 1040 2304 conferri,
1051 2246 1079 2293 ut
1094 2245 1125 2293 de
1137 2246 1232 2306 Spiritu

147 2314 242 2373 tendit,
261 2313 313 2361 sive
332 2311 387 2360 ut'
380 2324 406 2358 ru
425 2311 565 2358 Proverbiis
586 2312 676 2373 babes,
702 2311 801 2358 interim
809 2310 915 2359 adsertio
923 2315 1077 2363 reservetur
1087 2314 1233 2362 sieutPater

146 2384 245 2429 Drusus
255 2383 370 2442 sapientae
377 2380 483 2440 Ῑιιιιιιιιιιι
491 2383 611 2437 temam,
604 2395 677 2440 puru-
701 2378 793 2425 dieitur
807 2379 872 2427 solus
887 2381 954 2427 Deus
968 2393 1056 2440 verns,
1067 2381 1109 2427 eui
1123 2382 1188 2427 nibil
1198 2383 1233 2429 sit

148 2450 179 2498 eit
190 2451 268 2496 uatem
278 2449 366 2496 coelos*
357 2461 382 2507 ιιι
400 2448 529 2504 intellectu,
541 2448 679 2496 ostenditur
703 2457 831 2492 commune
846 2459 903 2493 eum
913 2446 1023 2505 eaeteris3
1035 2447 1070 2494 ita
1080 2447 1156 2494 etiam
1166 2441 1233 2496 solus

147 2517 206 2577 quia
224 2529 271 2564 nee
283 2516 356 2579 Pater
371 2516 438 2563 solus
456 2515 510 2564 sine
526 2514 588 2563 Filio
605 2519 679 2565 coelos
703 2516 740 2560 est
751 2514 976 2574 Filiusinragoverr
968 2515 1045 2574 Dei,
1053 2515 1233 2566 solnsdextern

149 2585 223 2644 lecit,
233 2597 280 2632 nee
296 2584 349 2632 sine
364 2585 436 2631 Patre
451 2583 543 2643 Filius3
552 2583 583 2631 et
596 2583 679 2633 tanuen
702 2583 794 2645 Patris,
803 2583 868 2631 solus
875 2583 955 2632 virtus
963 2584 1008 2631 Dei
1017 2586 1090 2644 atque
1098 2585 1232 2644 sapientia.

148 2652 289 2712 quicoelnm
300 2650 428 2710 extendit,
438 2653 505 2698 solus
517 2650 619 2699 dicitur.
732 2651 772 2699 55.
792 2651 867 2714 Solus
880 2664 938 2713 erqo
954 2653 1032 2701 Filius
1051 2652 1110 2701 lacit
1126 2654 1190 2702 sieut
1205 2657 1233 2704 et

178 2722 218 2768 dl.
229 2721 306 2778 Quam
320 2731 380 2767 uero
400 2720 425 2766 id
437 2719 463 2766 et
479 2720 510 2768 de
521 2719 583 2767 lilio
595 2721 680 2781 aperte
702 2721 790 2778 Pater,
800 2722 859 2781 quia
876 2722 995 2782 seriptum
1010 2722 1065 2770 est:
1079 2725 1234 2784 Quocumque

149 2788 342 2848 intelligendum
352 2787 400 2847 sit,
419 2788 484 2867 quod
494 2789 559 2836 solus
570 2791 681 2848 appelle-
704 2791 779 2850 tucio,
792 2793 839 2851 ipae
849 2791 916 2851 fucit.
933 2793 993 2840 (tum
1006 2793 1073 2838 enirn
1083 2804 1161 2839 unum
1171 2805 1234 2852 opus

148 2859 203 2917 tur,
219 2856 265 2904 etsi
280 2868 429 2915 numquam,
444 2868 522 2904 rnscro
532 2857 618 2917 Patre
634 2859 681 2905 all·
704 2859 736 2907 sit
745 2860 824 2907 Patris
832 2859 937 2918 etrnu
948 2860 1011 2907 bene
1020 2859 1050 2908 de
1058 2862 1129 2908 Patre
1138 2861 1234 2910 etFrlro

149 2927 208 2986 quid
216 2926 304 2974 iecisse
313 2925 441 2985 credatur
447 2926 587 2973 etiamalrbr
595 2927 680 2988 babes,
704 2915 805 2977 dicitur
812 2929 871 2989 quia
887 2931 954 2976 beus
968 2930 1033 2976 solus
1049 2930 1164 2989 operatus
1180 2931 1231 2992 est3

83 3015 89 3032 ι
149 2997 192 3043 ubi
208 2995 394 3056 scriptumest.
406 2996 682 3046 Extendeuseoetumso-
704 2998 1196 3060 undeetiamtumcreatoremdieimus‚
1207 3003 1234 3049 et

149 3065 193 3122 tua,
202 3068 224 3113 et
232 3065 356 3112 ambulans
365 3067 433 3124 quusi
441 3067 466 3110 tn
473 3063 604 3124 pauimento
612 3080 681 3127 super
704 3067 798 3114 Patrem
810 3069 836 3114 et
845 3067 934 3122 Filium
945 3067 1097 3114 eonfitemur.
1108 3069 1168 3115 Nam
1177 3071 1235 3117 uli-

149 3146 224 3182 mure.
235 3129 344 3193 Namque
355 3133 517 3193 Evangelium
528 3135 628 3182 Domini
640 3137 681 3184 do·
704 3148 751 3194 que
762 3149 819 3182 cunr
826 3137 916 3184 Paulus
926 3137 1021 3183 diceret
1030 3149 1040 3192 ι
1053 3139 1098 3197 Qut
1105 3140 1234 3185 ιιιιίιιιιιιι

150 3203 201 3249 cuit
212 3216 272 3261 nos,
288 3202 352 3261 quod
364 3203 390 3249 iu
400 3202 463 3248 mari
473 3204 620 3262 reuertar,
637 3206 681 3252 sed
704 3207 817 3250 creaturus
832 3207 990 3262 potiusquam
1005 3206 1105 3251 creatori
1110 3218 1119 3262 3
1130 3216 1176 3251 nee
1187 3207 1234 3252 Pa-

150 3270 226 3315 Filius
234 3270 377 3328 ambulavit,
386 3269 483 3329 quando
492 3270 578 3316 Petrus
586 3271 682 3328 rogavit
705 3270 768 3315 trem
780 3272 916 3316 creatorem
927 3269 1039 3328 negavit,
1051 3281 1083 3315 ex
1091 3282 1140 3327 quo
1151 3272 1234 3318 omnia

150 3352 207 3385 eum
218 3338 303 3385 dieens
314 3351 321 3383 ι
333 3341 443 3394 Domine,
453 3337 510 3395 jube
520 3352 557 3385 me
566 3341 643 3386 uenire
652 3341 682 3386 ud
705 3336 771 3394 haee3
783 3349 830 3384 nee
842 3337 944 3395 Filium,
955 3348 1001 3396 per
1010 3348 1084 3396 quem
1095 3339 1185 3385 omnia.
1220 3369 1239 3389 ,-
1252 3377 1253 3390 ,

150 3410 181 3456 te.
195 3407 242 3455 Sed
253 3407 327 3454 etiarn
336 3407 466 3466 propbetia
475 3406 526 3465 ipsa
535 3401 682 3455 documento
734 3402 774 3452 56.
786 3402 806 3453 b'
821 3418 870 3465 qno
881 3406 989 3452 alienum
1000 3405 1086 3465 utique
1102 3417 1150 3452 non
1161 3407 1232 3454 vide-

119 3464 128 3479 '
152 3479 198 3537 est3
206 3475 376 3524 sanctusenim
384 3474 429 3521 Job
438 3475 572 3521 adventum
582 3475 680 3523 Domini
706 3472 759 3531 tur,
770 3472 828 3532 quia
840 3473 958 3532 seriptum
970 3473 1006 3519 est
1018 3485 1025 3517 z
1037 3475 1084 3534 Qui
1091 3473 1154 3521 solus
1164 3474 1233 3523 babet

151 3542 327 3606 prophetabat,
347 3543 377 3590 de
396 3554 445 3602 quo
463 3555 522 3590 vere
540 3542 606 3590 dixit
623 3545 682 3604 qnia
705 3542 913 3599 immortalitatem.
922 3541 1048 3597 Quomodo
1058 3541 1126 3588 enim
1134 3541 1233 3590 immor-

151 3626 265 3673 magnum
286 3612 368 3659 cetum
388 3606 640 3672 natumnatum,
656 3614 682 3660 et
705 3608 826 3655 talitatern
842 3608 995 3665 nonhabet,
1011 3607 1054 3666 qui
1070 3608 1145 3654 vitam
1157 3609 1233 3658 habet
1267 3658 1270 3662 ,

92 3697 96 3703 ·
152 3681 243 3728 laetum
256 3680 312 3727 est:
325 3691 381 3725 nam
392 3678 495 3726 feralem
506 3679 577 3725 illum
589 3680 680 3740 cetum,
705 3678 731 3722 iu
742 3675 889 3735 semetipso?
898 3674 977 3723 llabet
988 3676 1073 3735 utique
1084 3676 1111 3722 in
1128 3678 1230 3738 natura,

152 3749 277 3796 diabolum
288 3748 398 3806 seilicet,
417 3746 513 3794 ultimis
530 3747 681 3806 temporibus
705 3743 780 3791 habet
794 3744 821 3790 iu
832 3744 979 3802 snbstantia3
991 3745 1016 3790 et
1028 3743 1102 3790 babet
1120 3757 1168 3791 non
1186 3759 1231 3805 per

153 3817 289 3866 vulnerabili
307 3816 415 3875 corporis
437 3815 475 3863 sui
495 3814 608 3875 passione
622 3828 680 3875 pro·
704 3813 807 3874 gratiam
825 3813 998 3871 temporalem,
1017 3812 1060 3858 sed
1078 3824 1123 3870 per
1138 3817 1230 3875 sempi-

153 3887 256 3935 stratum
267 3885 373 3944 perculit
383 3887 409 3932 et
419 3883 519 3933 afflixit.
704 3885 799 3949 ternam
823 3881 978 3929 divinitatem
995 3893 1006 3925 s
1024 3880 1102 3928 babet
1121 3895 1170 3930 uon
1195 3898 1228 3934 ex

182 3955 221 4003 52.
233 3955 274 4001 Est
292 3964 348 4012 ergo
360 3954 425 3999 solus
443 3953 551 4000 etvetus
561 3953 628 4002 Deus
639 3953 679 4000 bl·
702 3952 769 4016 dono*
777 3950 846 4010 quasi
857 3963 953 4009 servus,
965 3951 1008 3998 sed
1019 3963 1051 3997 ex
1059 3953 1227 4010 vgenerationis

152 4025 214 4085 llus3
231 4024 284 4070 baec
305 4022 371 4070 enim
391 4023 416 4070 et
436 4020 497 4069 l'ilio
519 4021 678 4083 praerogativa
702 4018 851 4082 proprietate
866 4019 935 4082 quasi
951 4020 1026 4070 Filius
1041 4022 1188 4082 coaeternum
1200 4025 1226 4071 et
