2760 4808
220 449 252 501 lii
610 443 731 490 sincrl
748 440 908 487 nuunosu

199 530 201 537 “
220 546 270 581 non
283 529 343 581 licet
352 530 450 580 virente
467 527 534 587 viro,
548 525 644 576 mutare
659 524 744 583 coniu-
770 536 818 571 non
830 524 875 571 est.
886 522 916 570 ut
927 521 983 569 ideo
994 520 1051 581 qnia
1062 519 1108 569 hoc
1119 520 1219 583 objicit,
1231 522 1300 584 quod

220 602 300 661 glum,
310 601 391 662 potest
401 600 519 658 obrepere
529 595 607 643 libido
616 593 744 655 peccandi.
769 593 892 651 obiectum
915 592 953 640 cst
969 591 1087 650 Domino,
1106 592 1253 651 respondeat
1272 593 1300 641 ei

220 671 305 729 itaque
325 669 368 729 qui
384 668 469 716 auctor
486 664 590 723 erroris,
603 664 678 711 etiam
689 674 745 708 reus
769 662 885 709 Dominus
901 662 957 709 :Ad
971 663 1095 717 duritiam,
1110 659 1206 721 inquit,
1222 663 1302 710 cordis

218 738 298 796 ‘culpae
312 737 358 783 est.
368 737 421 794 Quo
436 747 491 782 cum
507 733 615 793 parvulis
631 730 689 778 toeta
707 729 745 776 di·
769 733 840 778 vestri
847 732 951 791 permisit
961 729 1025 776 vobis
1038 732 1127 787 Moyses
1141 731 1197 776 dore
1212 729 1300 778 tibrum

219 804 411 863 mittituriQuo·
420 802 537 851 titubanti
554 801 658 860 vestigio
673 811 745 858 grau-
769 801 870 859 repudii,
890 802 912 845 et
929 799 1042 845 dimittere
1060 811 1166 845 osores:
1182 798 1214 845 ot
1231 801 1302 848 initio

219 873 288 921 daera
306 870 461 920 detruditur!
476 871 571 928 Durus,
588 869 610 917 si
630 867 745 915 excludas
770 871 848 915 auton
858 881 905 914 non
916 869 959 926 nit
968 868 1009 915 sic.
1019 867 1111 925 Moyses
1121 866 1249 927 permisit,
1258 868 1299 915 iu-

218 942 360 1001 parentem,
376 941 478 1001 pignora
494 938 631 998 teneas,ut
646 937 677 983 ad
687 949 745 983 con·
770 939 836 998 quit,
846 952 895 987 nou
909 940 975 985 Deus
984 937 1055 994 jussit
1069 949 1077 981 z
1091 936 1121 982 ab
1132 937 1203 984 initio
1214 937 1298 985 autem
1326 968 1328 972 -

218 1011 347 1057 tumeliam
363 1008 485 1065 caritatis,
497 1006 570 1052 addas
581 1005 655 1052 etiam
665 1004 745 1063 pieta·
769 1008 814 1054 Dei
825 1009 868 1055 lex
879 1007 925 1055 est.
936 1007 994 1064 Quae
1005 1006 1042 1053 est
1051 1007 1094 1053 lex
1104 1005 1168 1052 Dei?
1177 1007 1300 1067 Relinqoct

174 1134 176 1137 Ι
217 1078 251 1125 tis
262 1078 391 1134 injuriam:
403 1074 519 1134 durus,si
529 1073 629 1134 propter
642 1073 744 1118 matrem
770 1075 838 1122 lromo
854 1077 945 1136 patrem
962 1078 984 1121 et
1001 1077 1115 1131 matrem,
1133 1077 1158 1121 et
1171 1074 1300 1134 adlicerebit

219 1147 293 1193 etiam
301 1147 364 1193 iiiios
374 1145 446 1192 simul
457 1145 533 1203 pellas
542 1156 549 1201 3
559 1155 613 1190 cum
624 1142 700 1201 magis
707 1153 745 1187 re-
769 1145 842 1191 ncori
856 1158 903 1192 sure
909 1177 917 1201 ,
928 1146 950 1190 et
959 1146 1028 1191 emeat
1042 1143 1110 1189 emto
1121 1144 1147 1188 io
1156 1155 1227 1189 corne
1237 1155 1296 1190 uno.

218 1214 313 1263 dimere
330 1227 344 1260 a
361 1215 430 1274 patre
446 1211 519 1258 liberi
535 1211 640 1257 debeant
650 1211 744 1268 culpam
770 1213 831 1271 Ergo
839 1213 881 1271 qui
892 1210 994 1258 dimittit
1002 1222 1113 1269 uxorem,
1122 1220 1221 1256 caruem
1228 1222 1299 1258 suam

218 1285 338 1343 parentis.
352 1283 430 1339 Quam
446 1280 625 1340 periculosum,
638 1278 659 1323 si
672 1278 746 1337 tragi-
770 1280 872 1339 scindit,
884 1280 975 1327 dividit
986 1291 1081 1338 corpus.

217 1353 268 1397 lem
283 1350 470 1397 adolescentulae
482 1349 577 1395 aetatem
594 1347 670 1394 errori
686 1347 746 1394 oile-
800 1347 825 1394 8.
845 1348 957 1395 Ostendit
974 1349 1057 1395 sutem
1078 1346 1121 1394 hic
1140 1347 1223 1408 iocus,
1243 1361 1301 1408 quse

218 1430 258 1465 ras
273 1419 370 1475 tQuam
385 1417 503 1474 impium,
520 1415 541 1462 si
557 1415 611 1472 eius
628 1415 746 1461 destituas
770 1417 869 1476 propter
885 1416 1043 1476 fragilitatem
1061 1417 1192 1463 humanam
1207 1417 1298 1476 scripta

219 1486 385 1542 senectutem,
401 1483 471 1540 cuius
485 1481 642 1528 defloraveris
657 1481 746 1538 juven-
770 1487 839 1544 sunt,
851 1498 900 1532 non
911 1497 926 1530 a
936 1486 987 1532 Deo
1004 1485 1101 1544 scripta.
1113 1484 1185 1531 Unde
1201 1486 1227 1532 et
1237 1487 1300 1545 Apo·

218 1554 297 1600 tutem
310 1553 317 1598 t
329 1554 389 1613 Ergo
408 1551 558 1598 inhonoratis
577 1550 705 1608 stipendiis
721 1551 746 1596 et
770 1556 846 1603 stolus
857 1568 864 1601 ι
875 1556 1005 1611 Denuntio,
1023 1553 1116 1613 iuquit,
1132 1567 1180 1600 non
1191 1568 1245 1614 epo,
1260 1556 1300 1602 sed

219 1620 365 1668 veteranum
388 1620 520 1678 imperator
537 1619 646 1666 dimittat
668 1620 746 1679 inglo-
772 1626 887 1672 Dominus
898 1637 907 1669 .-
918 1635 1018 1669 nrcorem
1032 1636 1048 1669 n
1057 1625 1108 1669 viro
1119 1635 1167 1668 nore
1177 1623 1298 1670 discedere.

219 1686 298 1745 rium,
317 1688 391 1748 atque
416 1687 515 1745 imperii
535 1686 573 1734 sui
596 1688 745 1746 possessione
771 1695 800 1738 ut
810 1692 873 1739 inira
884 1703 891 1737 c
903 1693 1006 1749 Coeteris,
1018 1690 1164 1751 iuquit,.eoo
1175 1691 1240 1748 dico,
1250 1704 1301 1740 aon

220 1755 335 1803 detrudat
347 1769 353 1800 ε
365 1757 391 1803 et
400 1755 518 1803 rusticum
528 1755 618 1802 laboris
629 1757 667 1802 sui
679 1757 746 1802 effoe-
771 1763 885 1809 Demissis
896 1773 903 1805 z
914 1762 936 1807 si
950 1761 1001 1819 quis
1016 1760 1091 1818 trater
1103 1759 1215 1816 infidelem
1229 1759 1300 1808 habet

219 1826 273 1872 tum
292 1837 348 1884 agro
366 1839 409 1872 suo
430 1825 554 1885 propulset
574 1825 696 1885 agricola?
711 1827 747 1872 Au
770 1840 870 1874 uxorem
874 1859 883 1884 ,
895 1829 916 1874 et
925 1827 1035 1886 relinquit
1045 1838 1106 1882 earn.
1116 1824 1201 1884 ltaque
1208 1824 1253 1871 ubi
1263 1826 1301 1873 cst

219 1893 285 1954 quod
300 1893 326 1938 in
342 1892 452 1941 subditos
466 1893 535 1942 netas
550 1893 602 1953 est,
613 1893 639 1941 iu
650 1905 747 1954 compa·
772 1897 850 1954 impar
866 1895 1020 1954 coniugium,
1032 1894 1075 1940 lex
1089 1892 1135 1940 Dei
1150 1893 1258 1940 nonest.
1270 1895 1301 1940 ut

217 1975 272 2011 rem
283 1961 319 2010 fas
329 1961 384 2010 esti
771 1964 865 2012 addidit
876 1978 883 2011 z
897 1965 993 2025 Quodsi
1003 1963 1099 2021 trepidetis
1108 1963 1212 2018 discedit,
1226 1964 1302 2010 disce·

251 2032 274 2076 5.
287 2030 396 2078 Dimittis
410 2042 468 2091 ergo
477 2043 579 2078 uxorem
594 2030 664 2090 quasi
677 2031 746 2090 jure,
771 2036 818 2081 dot.
831 2035 909 2081 Simul
918 2033 984 2080 idem
993 2030 1119 2091 Apostolus
1128 2030 1303 2091 negavitlegis

220 2100 274 2144 sinc
291 2099 411 2158 crimine;
424 2100 450 2146 et
464 2101 535 2158 putas
552 2099 577 2144 id
595 2100 641 2145 tibi
656 2101 746 2157 licere,
771 2115 824 2150 esse
840 2104 944 2161 divinae,
956 2102 984 2147 ut
998 2101 1138 2159 coniugium
1155 2099 1301 2158 qualecum-

219 2167 278 2223 quia
298 2166 341 2210 lex
357 2167 463 2211 humana
480 2178 529 2211 nou
543 2165 683 2225 prohihet:
704 2167 746 2213 sed
771 2184 819 2229 que
834 2171 962 2218 solvatur:
977 2183 1023 2217 nec
1040 2170 1092 2229 ipse
1110 2168 1299 2228 praecepit,-nec

219 2234 304 2280 divina
326 2234 448 2293 prohibet.
467 2234 514 2291 Qui
538 2235 680 2282 hominibus
702 2236 747 2282 ob-
772 2238 841 2286 dedit
855 2238 978 2284 deserenti
995 2235 1178 2294 auctoritatem,
1191 2236 1299 2283 sedcul·

122 2293 125 2298 ⁴
179 2341 185 2347 .
219 2301 345 2360 sequeris,
366 2303 446 2348 Deum
466 2314 562 2349 verere.
584 2302 647 2349 dudi
668 2302 747 2364 legem
771 2318 828 2364 pam
839 2305 941 2353 obstulit
955 2304 1080 2352 destituto.
1092 2303 1150 2350 llaec
1163 2303 1298 2352 moraliter.

218 2370 333 2430 Domini,
353 2371 393 2417 cui
413 2370 582 2439 obsequuntur
602 2372 677 2419 etiam
703 2373 747 2432 qui
801 2374 825 2421 9.
841 2375 932 2421 Tamen
947 2373 1004 2433 quia
1019 2383 1092 2431 supra
1108 2372 1234 2431 proposuit
1243 2384 1300 2431 reg-

217 2442 286 2501 leges
313 2440 423 2488 ferunt:
445 2441 501 2500 Quae
526 2442 590 2490 Deus
611 2444 746 2504 conjunxit,
773 2455 832 2488 num
842 2437 889 2489 Dei
899 2442 1066 2500 evangelizare
1079 2439 1121 2501 (r.
1134 2441 1163 2486 ll
1170 2438 1232 2501 ),et
1243 2453 1298 2487 eum

219 2510 288 2556 tromo
298 2523 346 2557 non
355 2511 456 2571 separet.
772 2512 873 2559 dixisset
879 2512 909 2559 de
918 2512 981 2569 Lege
988 2521 1064 2555 unum
1072 2508 1166 2568 apicem
1174 2521 1223 2556 nou
1228 2521 1300 2567 posse

249 2577 273 2624 6.
283 2577 331 2626 Sed
339 2592 388 2626 non
396 2579 474 2627 solum
483 2577 523 2626 hic
534 2579 634 2628 coelesie
641 2593 748 2641 praecep·
772 2583 874 2640 cadere,
893 2580 999 2639 subjecit
1017 2593 1024 2624 ε
1045 2581 1125 2627 Omnis
1143 2581 1185 2639 poi
1206 2581 1300 2627 dimittit

218 2649 287 2707 tum,
298 2649 341 2696 sed
352 2649 473 2708 quoddam
485 2649 559 2696 etiam
572 2662 632 2707 opus
642 2651 687 2697 Dei
700 2651 747 2697 sol·
772 2663 870 2697 uxorem
880 2662 946 2696 suern
956 2679 964 2703 ,
976 2650 997 2694 et
1008 2648 1189 2704 docitolteram,
1199 2647 1300 2694 moecho·

124 2742 128 2754 ·
219 2717 294 2764 vitur.
320 2718 460 2774 Paterisne,
480 2729 536 2774 oro,
560 2718 653 2764 lilr'eros
677 2720 747 2779 tuos,
773 2722 819 2765 tor.
840 2717 915 2764 Recte
935 2716 1048 2763 admonet
1069 2714 1196 2777 Apostolus
1215 2715 1302 2765 diceus

218 2784 320 2832 vivente
332 2784 370 2841 te,
385 2797 437 2830 esse
452 2785 497 2831 suh
508 2785 666 2844 vitric03aut
681 2787 747 2834 iuco—
772 2785 950 2832 sacramentum
980 2785 1026 2830 hoc
1052 2785 1166 2842 magnum
1195 2784 1299 2831 essedo
1363 2815 1365 2819 -

218 2850 281 2895 lumi
314 2851 407 2908 matre,
435 2850 524 2908 degere
556 2852 601 2897 suh
626 2856 748 2902 noverca?
772 2854 866 2900 Christo
879 2855 904 2899 et
914 2853 1031 2898 Ecclesia.
1045 2852 1144 2898 Iuvenis
1154 2851 1230 2912 igitur
1240 2865 1300 2900 con-

218 2917 300 2975 Pone,
316 2917 338 2963 si
353 2917 482 2977 repudiata
496 2931 545 2966 uon
560 2920 645 2967 nubat.
656 2924 686 2969 ut
696 2924 747 2971 lraec
770 2923 866 2982 jugium
876 2923 940 2981 quod
951 2932 1023 2968 nemo
1037 2922 1134 2968 dubitet
1147 2923 1225 2969 aDeo
1240 2934 1300 2969 cou-

218 2985 273 3031 viro
291 2985 338 3032 tibi
355 2986 442 3033 debuit
463 2985 666 3047 displicermcui
679 2993 748 3038 adul·
772 2992 898 3050 junctum,
910 3002 967 3038 cum
984 2991 1036 3049 ipse
1048 2989 1113 3037 dicat
1128 3003 1136 3035 t
1152 2991 1226 3037 Nemo
1236 2992 1300 3039 venit

218 3051 273 3099 tero
284 3053 356 3100 iidem
371 3054 469 3102 servat?
478 3056 557 3115 Pone,
574 3060 594 3104 si
605 3059 690 3107 nubat.
701 3062 748 3109 Ne·
772 3064 802 3108 ad
812 3075 848 3108 me
854 3093 862 3117 ,
873 3063 918 3108 nisi
924 3064 1067 3108 Potermens
1078 3061 1118 3120 poi
1128 3061 1190 3106 misit
1200 3073 1250 3117 me,
1259 3062 1300 3107 ad·

218 3122 338 3168 cessitatis
357 3122 425 3171 illius
440 3123 510 3170 tuum
529 3126 622 3173 crimen
643 3130 680 3175 est
698 3143 705 3175 ε
723 3132 747 3178 et
773 3131 872 3177 traxerit
884 3143 950 3188 eum3
962 3128 1005 3175 ille
1016 3128 1083 3175 enim
1094 3128 1245 3187 soluspotuit
1256 3128 1301 3175 has

218 3187 359 3248 conjugium
370 3189 434 3250 quod
445 3192 530 3250 putas,
542 3193 689 3241 adulterium
701 3198 746 3244 est.
772 3198 868 3256 nuptias
878 3198 1002 3256 copulare.
1013 3197 1042 3242 Et
1055 3197 1111 3242 ideo
1121 3196 1223 3255 mystice
1232 3196 1302 3244 Salo·

217 3257 285 3315 Quid
295 3259 361 3305 enim
371 3257 462 3316 refert,
473 3259 557 3305 utrum
568 3260 594 3306 id
605 3264 687 3321 aperta
699 3265 747 3311 cri·
771 3279 828 3312 mon
851 3266 915 3312 dixit
932 3278 939 3310 t
955 3265 977 3312 Α
993 3268 1042 3312 Deo
1058 3265 1232 3324 praeparabitur
1248 3266 1302 3314 oiro

220 3325 295 3373 minis
319 3326 485 3384 confessione,
504 3339 535 3375 an
560 3330 643 3377 mariti
665 3334 746 3390 specie
772 3349 842 3382 neor.
853 3335 897 3381 Vir
907 3333 1029 3391 Christus,
1044 3345 1107 3384 uxor
1121 3333 1231 3380 Ecclesia
1242 3334 1299 3380 cst:

219 3391 316 3439 adulter
332 3393 447 3440 admittas
457 3392 482 3452 ’ς
497 3394 546 3440 nisi
566 3397 630 3454 quod
650 3399 747 3456 gravius
772 3401 873 3449 caritate
891 3416 967 3462 uxor,
983 3401 1126 3460 integritate
1141 3401 1219 3459 virgo.
1237 3401 1301 3462 Ergo

219 3458 257 3506 cst
267 3459 347 3519 legem
362 3459 474 3508 criminis
486 3459 589 3522 iecisse,
607 3476 680 3523 quam
695 3466 747 3512 lur-
771 3484 844 3529 quem
853 3472 918 3517 Deus
929 3470 1006 3517 traxit
1019 3470 1049 3516 ad
1060 3469 1163 3526 Filium,
1172 3481 1221 3515 non
1232 3481 1302 3529 sepa·

217 3526 291 3577 lum?
771 3540 809 3586 ret
827 3540 984 3597 persecutio,
1006 3551 1056 3585 uon
1074 3538 1169 3584 avertat
1185 3537 1301 3596 luxuria,

249 3599 273 3645 ⁷.
281 3598 329 3647 Sed
337 3598 437 3648 sortasse
446 3598 506 3646 dicit
514 3599 617 3661 aliquis:
630 3604 747 3664 Quommo
770 3620 819 3655 non
826 3608 981 3668 Philosophia
993 3606 1157 3667 depraedetur,
1167 3617 1216 3652 non
1223 3607 1302 3653 mani·

218 3669 307 3726 Moyses
318 3672 437 3718 mandarit
448 3671 502 3716 dari
515 3665 604 3718 librani
611 3675 715 3733 repudii,
726 3677 746 3721 et
771 3679 852 3726 chaeus
863 3677 1027 3735 contaminet,
1039 3687 1088 3722 non
1103 3675 1214 3722 arrianus
1229 3685 1301 3722 arer-

218 3734 330 3783 dimittere
346 3737 463 3786 osorem?
479 3739 525 3796 Qui
546 3740 592 3787 hoc
609 3741 685 3800 dicit,
702 3744 746 3788 lu·
771 3746 820 3805 tat,
847 3758 896 3792 non
923 3745 1072 3792 sabellianus
1098 3742 1203 3790 inliciat.
1233 3741 1302 3789 Deus

220 3797 286 3845 daeus
301 3803 337 3847 cst
354 3817 361 3848 r
380 3806 423 3865 qui
441 3807 487 3852 hoc
505 3806 578 3865 dicit,
596 3809 747 3856 Christianus
770 3816 866 3873 junxit,
883 3815 981 3862 ludaeus
996 3826 1045 3860 non
1064 3812 1170 3872 separet.
1187 3810 1302 3858 Adulteri

770 3882 827 3928 sunt
838 3896 922 3930 omnes
933 3883 975 3943 qui
986 3882 1123 3928 adulterare
1132 3879 1302 3940 cupiuntiidei

771 3952 793 3995 el
805 3951 934 4008 sapientiae
945 3950 1084 3997 veritatem.

219 4044 271 4075 oum
287 4035 359 4072 uxoris
374 4035 506 4080 adulterium
521 4042 589 4089 redit,
606 4045 631 4079 ut
647 4043 745 4090 proxim,
800 4016 838 4064 40.
849 4019 905 4078 Quis
920 4017 1033 4072 ubertat,
1045 4013 1141 4073 inquit,
1152 4016 1195 4064 istd
1208 4015 1302 4076 repudii

220 4090 269 4130 ⁸⁰¹⁰
277 4087 394 4137 expositum
403 4091 439 4126 eet.
645 4089 646 4092 ’
769 4085 853 4132 matris
863 4087 958 4140 ocslroe,
968 4095 1015 4142 qno
1029 4083 1107 4130 dimisi
1120 4082 1300 4131 eomidudistl

241 3925 352 3964 ‘Videtur
367 3935 457 3970 maritus
470 3935 579 3972 dimittens
592 3945 683 3973 uxorem
696 3947 746 3983 quae

219 3982 282 4019 alleri
291 3981 364 4024 nulrit.
374 3989 486 4030 propterea
494 3988 580 4026 adulter
588 3989 642 4031 dici.
654 3990 713 4037 quod
722 3991 744 4026 in
