2752 4814
296 427 481 486 annumero
494 443 529 486 ru
544 426 671 495 uecta,
686 429 787 489 sinen
799 430 977 490 sardinus.
1142 441 1173 494 ot

87 521 615 583 expressuminnosbocorporeultimotem-
637 524 707 572 idum
722 527 869 576 tetenebrae
885 527 1022 576 exteriores.
1040 526 1170 578 Bructeros

87 601 147 649 pore
159 590 341 649 recensebitur,
355 592 379 639 ot
390 593 511 639 secretum
522 593 618 652 cogita·
638 606 798 653 quoquesuos
806 595 1061 656 ipsemonstravitalio
1069 598 1171 645 locoubi

87 657 163 705 tionis
173 659 291 718 scriptum
308 660 335 706 in
353 661 465 708 cordibus
480 661 569 709 nostris
579 662 613 708 le·
638 662 713 710 dieite
725 665 816 713 siverit
831 667 857 712 ta
867 663 1064 715 consummatione
1078 668 1171 725 sancii,

85 725 173 784 petor?
183 726 474 788 Demusigituroperam,
485 729 514 776 ut
523 731 614 777 arimin
638 733 735 782 exibant
747 734 843 794 Auscii,
855 737 877 783 et
896 736 1039 796 separabant
1056 739 1132 785 mulos
1143 739 1176 785 da·

85 791 132 840 boc
153 807 238 842 sumus
259 796 315 844 vitae
335 797 458 844 curriculo
472 798 612 857 constituti,
637 803 1171 863 maciomanum,etmftteatcosfasamtnam

84 861 209 923 umquam
226 875 241 909 a
259 865 324 911 malo
350 864 504 925 adversario,
527 866 561 914 ita
582 868 612 914 ab
637 871 695 930 fqais
706 886 715 919 .·
726 872 759 919 ibi
768 873 812 920 eal
821 873 888 931 fletus
899 875 921 920 et
932 875 1017 922 strtdm
1026 876 1139 922 dandam.

85 928 195 989 improbo
211 932 344 980 liberemur
354 934 426 992 actu3
437 946 468 981 ne
480 934 539 982 dum
550 935 612 983 imus
668 939 722 987 lud.
742 940 861 999 Superest
878 953 945 988 nunc
962 943 991 989 ut
1004 943 1171 1001 intelligamus

84 1010 140 1045 cunr
151 1001 288 1048 adversario
297 1002 328 1049 ad
338 1003 521 1065 magistratum,
533 1005 560 1052 in
571 1007 612 1053 vla
637 1008 698 1067 quid
707 1009 755 1056 sibi
765 1009 916 1070 vetittigura
928 1009 1078 1070 quadrantis.
1091 1013 1121 1058 et
1130 1011 1171 1059 vi-

83 1070 192 1116 nostrum
201 1071 345 1119 condemnet
357 1084 473 1120 errorem.
637 1076 709 1124 detur
719 1076 813 1126 usualis
824 1078 861 1125 rei
871 1090 1017 1137 expressum
1024 1079 1123 1126 nomine
1132 1079 1171 1126 in-

114 1137 167 1184 lde.
177 1138 235 1186 ldeo
245 1139 271 1185 et
281 1140 408 1187 Matthaeus
418 1141 453 1187 ait
464 1153 472 1187 a
485 1143 541 1190 Esto
556 1155 613 1190 con·
638 1146 750 1194 tcllectus
757 1147 894 1205 spiritualis
901 1158 1027 1194 arcanum.
1036 1149 1095 1194 Nam
1105 1148 1171 1197 sicut

82 1209 181 1254 matteas
199 1209 331 1254 adversario
350 1211 389 1255 tuo
407 1210 463 1255 dam
478 1223 563 1257 eseam
574 1211 613 1256 illo
637 1214 1169 1276 quipecuniassolvunt,debitumreddunt,

81 1277 109 1322 la
127 1277 167 1322 ota
185 1289 194 1323 a
210 1289 295 1319 resson
316 1277 401 1322 autem
419 1277 516 1324 Graecas
534 1277 612 1336 dixit,
637 1294 683 1328 nec
699 1283 767 1342 prim
790 1284 924 1331 evacuatur
942 1285 1045 1332 foeuoris
1061 1295 1169 1343 nomen,

82 1342 130 1389 hac
141 1343 191 1402 est,
209 1343 359 1390 benevolens
370 1356 378 1402 3
388 1343 408 1389 st
424 1344 491 1404 enirn
503 1345 561 1392 dum
571 1359 613 1393 so·
637 1363 710 1412 quarn
729 1352 806 1400 totius
822 1352 894 1400 sortis
907 1353 939 1400 ad
948 1365 1078 1400 nummum
1089 1365 1170 1412 usquo

43 1436 45 1440 ι
82 1421 138 1456 mas
149 1410 175 1455 in
185 1409 231 1456 bac
243 1410 307 1469 vita,
320 1412 474 1459 exsolvamus
482 1425 525 1460 nos
536 1415 611 1460 avin-
636 1430 789 1480 quocumque
801 1421 929 1468 solutionis
942 1430 1033 1480 genere
1044 1421 1155 1482 quantita

81 1478 145 1524 culis
155 1478 259 1538 diaboli,
267 1492 313 1526 nec
325 1480 476 1539 illeproptor
487 1493 530 1528 aas
541 1482 610 1528 dam·
636 1487 750 1535 universa
766 1489 874 1535 solvatur
890 1502 897 1534 a
909 1489 947 1537 sic
963 1490 1167 1549 compensatione

81 1548 194 1607 nabitur,
207 1550 233 1596 et
250 1561 294 1596 nos
304 1561 319 1596 a
330 1550 437 1597 vinculis
453 1549 508 1609 eius
518 1552 610 1598 erimus
635 1555 744 1603 caritatis
764 1555 911 1616 actuumque
934 1553 1102 1617 reliquorum,
1124 1558 1168 1606 ret

81 1616 166 1663 alieni.
179 1617 247 1664 Unde
256 1618 281 1664 et
292 1631 336 1678 pro
346 1619 444 1678 Assyrio
456 1619 563 1679 psalmus
573 1621 611 1667 in·
635 1623 802 1673 satisfactione
810 1635 979 1686 quacumque,
989 1625 1085 1685 peccati
1093 1636 1167 1686 poena

81 1686 197 1734 scribitur
213 1686 406 1746 septuagesimus
424 1688 533 1748 quintus.
543 1690 609 1736 Bene
634 1690 784 1740 dissolvitur.

82 1767 139 1814 ergo
159 1758 265 1804 consulis
285 1758 439 1815 adversario,
457 1759 483 1805 et
502 1771 547 1818 pro
565 1759 610 1805 illo
665 1761 719 1807 idi.
741 1761 793 1808 lion
811 1761 917 1809 otiosum
937 1761 1026 1822 etiam,
1044 1762 1168 1822 quianon

80 1825 190 1885 Assyrio,
209 1827 255 1873 boc
275 1825 312 1872 est
330 1838 405 1885 vano,
421 1827 485 1874 bene
501 1826 576 1886 facis,
588 1828 609 1875 si
635 1841 682 1875 aera
695 1827 777 1889 (sicut
787 1830 846 1876 alibi
855 1828 865 1891 )
875 1831 938 1888 duo,
951 1842 1001 1876 non
1011 1836 1106 1888 assem,
1116 1841 1168 1876 nun

81 1892 135 1950 eius
145 1894 238 1952 laqueis
246 1895 336 1941 exutas
346 1896 447 1952 praestes
457 1895 521 1941 lranc
532 1894 610 1942 bene·
635 1894 779 1954 denarium,
795 1897 839 1944 sed
848 1897 1009 1956 quadrantem
1021 1898 1067 1945 boc
1083 1897 1168 1956 posuit

81 1961 228 2019 volentiam3
241 1962 270 2008 ut
285 1961 310 2007 et
321 1973 418 2019 poenam
436 1961 473 2006 tul
492 1961 574 2019 lapsus
585 1962 610 2008 et
635 1962 701 2021 loco,
720 1964 891 2022 quadrantaria
910 1964 978 2010 enim
998 1961 1167 2022 permutatio·
1195 2007 1198 2018 ,

81 2029 167 2076 mortis
177 2030 273 2076 evadat.
284 2029 354 2086 Quod
364 2029 384 2076 si
392 2027 499 2075 vinculis
509 2028 611 2086 ejusiu-
635 2030 705 2077 velut
724 2031 836 2091 quaedam
854 2031 891 2078 est
910 2032 1090 2091 compensatio,
1108 2043 1166 2080 cum

82 2097 188 2154 bareas,
198 2097 279 2144 tradet
295 2098 319 2144 te
337 2092 460 2156 amquam
472 2108 542 2143 reum
556 2109 610 2144 ma·
635 2099 702 2146 aliud
710 2100 835 2159 redditur,
847 2100 872 2147 et
882 2099 949 2146 aliud
960 2100 1115 2159 significatur
1125 2113 1165 2148 so-

80 2165 209 2225 gistratui,
218 2165 284 2212 idem
294 2166 421 2213 accusator
430 2165 456 2213 et
465 2165 584 2225 proditor.
634 2167 712 2214 lutum
725 2181 731 2194 ·
743 2168 779 2215 ita
790 2170 815 2215 et
833 2169 874 2216 bic
892 2170 934 2216 aut
952 2169 1033 2228 pretio
1052 2169 1164 2220 caritatis

113 2233 165 2280 ibt.
177 2235 236 2292 Quis
246 2238 284 2285 est
297 2235 462 2294 magistratus,
473 2234 521 2281 uisi
532 2247 608 2294 penes
633 2233 763 2283 redimitur
773 2234 879 2295 injuria,
894 2235 937 2283 aut
947 2234 1045 2293 injuriae
1056 2236 1165 2285 aestima·

80 2314 154 2362 quern
171 2302 250 2349 omnis
264 2302 370 2361 potestas
381 2302 431 2360 est,
450 2302 528 2363 etqui
539 2303 608 2362 pleni
632 2301 701 2351 tione
712 2315 786 2363 poena
800 2302 907 2350 laxatur.

80 2371 216 2431 etperfecti
228 2371 345 2430 temporis
355 2371 485 2418 sublimem
496 2371 543 2418 sibi
553 2371 608 2418 vin·
665 2371 719 2419 lus.
738 2372 903 2429 Quadrantem
922 2372 1004 2421 autem
1023 2371 1050 2419 in
1066 2371 1165 2420 balneis

15 2483 18 2488 .
80 2439 145 2488 dieat
163 2440 323 2500 dignitatem?
339 2440 374 2486 dd
394 2453 469 2499 quern
489 2441 608 2487 bonorum
632 2437 685 2487 dari
700 2441 779 2489 solere
794 2439 992 2499 reminiscimur,
1010 2442 1081 2499 cuius
1096 2442 1164 2489 obla·

80 2520 182 2568 operum
193 2510 271 2556 fretus
282 2509 431 2557 conscientia
440 2540 448 2565 ,
458 2521 508 2555 non
517 2510 608 2557 timens
632 2510 700 2556 tione
711 2511 739 2556 ut
749 2509 801 2556 illic
812 2510 980 2568 unnsquisque
988 2509 1088 2557 lavandi
1097 2510 1164 2557 acei-

79 2576 246 2625 adversariam
264 2576 362 2622 sanctus
376 2574 496 2634 Propheta
507 2575 609 2624 festinat
633 2578 670 2635 pit
681 2577 834 2635 facultatem,
847 2577 882 2624 ita
894 2577 936 2624 bic
946 2577 1036 2636 accipit
1047 2579 1164 2637 eluendi;

81 2645 164 2693 diceus
177 2659 184 2692 e
196 2646 271 2692 Sitisit
287 2639 369 2691 aalma
379 2655 432 2689 mea
442 2642 609 2691 adDomiaam
634 2645 693 2703 quia
716 2644 909 2705 uniuscujusque
929 2645 1058 2704 peccatum
1080 2657 1165 2704 supru-

81 2715 158 2762 sieam
167 2713 274 2772 :qnando
282 2713 388 2768 cenetam,
398 2713 419 2758 et
430 2711 546 2770 apparebo
556 2715 609 2759 ante
634 2710 729 2773 scriptae
737 2711 827 2774 genere
836 2713 982 2761 conditionis
993 2713 1097 2774 eluitur;
1107 2727 1164 2763 cum

81 2779 608 2839 faciemDsi?llicenimmagistratustradet
634 2781 726 2829 mmdiu
735 2782 866 2830 exercetur
874 2778 1163 2842 noxiuspoeuis,utcoui·

80 2863 151 2899 reum
160 2850 238 2910 judici
248 2883 255 2907 ,
266 2849 291 2897 ei
299 2849 394 2897 scilicet
404 2847 445 2897 cui
460 2848 573 2898 virorum
583 2853 609 2900 et
632 2850 700 2897 missi
721 2849 841 2910 supplicia
861 2849 952 2897 erroris¹
961 2850 1095 2910 expendat.
1136 2857 1138 2861 ’

80 2921 231 2968 mortuorum
240 2919 327 2967 tribuit
344 2917 508 2979 potestatem:
522 2920 548 2966 ot
563 2920 609 2967 tri·
662 2919 762 2968 lumbe
772 2919 878 2967 Galilaeis
888 2921 971 2966 autem
981 2919 1031 2965 iltis
1040 2917 1108 2981 (cap.
1120 2920 1161 2981 lu,

80 2988 135 3036 buit
145 3001 190 3049 per
207 2990 334 3048 naturam,
358 3001 407 3036 non
425 2999 471 3049 per
490 2989 607 3049 qratiam,
633 2989 680 3035 al
692 2985 712 3048 ),
724 2999 827 3047 quornm
838 2987 982 3047 sanguinem
996 2987 1089 3036 Pilatus
1103 2989 1163 3036 mis·

80 3070 129 3106 nou
147 3058 214 3106 enirn
227 3070 300 3117 quam
315 3070 364 3105 non
380 3058 486 3106 habebat
499 3059 607 3120 accepit,
633 3056 686 3103 cuit
696 3068 752 3104 curn
763 3056 995 3116 sacrificiiseorum‚
1005 3056 1081 3116 figura
1097 3069 1164 3117 quas-

81 3126 125 3175 scd
145 3139 217 3186 quam
239 3138 271 3173 ex
290 3126 424 3174 substantia
449 3126 527 3173 Patris
552 3139 609 3176 cunr
633 3123 807 3173 dam'videtur
824 3125 1055 3184 consurgensque
1076 3126 1163 3174 coactu
1191 3157 1196 3177 .

80 3197 254 3256 generaretur,
262 3184 388 3243 adsumsit.
399 3196 471 3243 Hunc
483 3195 609 3254 magistra·
633 3192 1161 3252 diabolico,noupureoderuntsacrifielamc

80 3266 132 3314 tum
142 3266 187 3314 tibi
199 3267 224 3314 et
232 3266 342 3325 judicem
348 3265 476 3324 monstrat,
485 3265 528 3324 qai
539 3277 610 3314 mon·
633 3273 737 3320 quorum
758 3262 840 3311 oratio
850 3261 877 3308 in
892 3261 1034 3323 peccatum,
1050 3260 1114 3308 sicut
1130 3259 1162 3308 do

80 3336 168 3386 stravit
176 3336 353 3400 accusatorem,
363 3335 388 3382 et
396 3334 501 3382 ostendit
511 3335 609 3394 quando
632 3331 695 3377 luda
706 3330 823 3389 scriptum
839 3331 877 3378 est
893 3329 1032 3390 proditore,
1046 3329 1089 3388 qui
1103 3340 1164 3388 pro·

80 3403 113 3450 sit
131 3404 278 3453 revelandus
289 3416 296 3449 c
307 3406 335 3451 fa
349 3405 398 3459 dte,
408 3401 503 3461 inquit,
514 3416 561 3461 qua
568 3402 609 3461 ju·
633 3398 757 3445 ditionem¹
769 3398 896 3458 sanguinis
909 3397 1032 3446 Dominict
1047 3397 1112 3445 inter
1121 3408 1163 3445 sa·

80 3472 237 3521 dicabitllcas
254 3473 343 3520 comita
355 3471 609 3521 bumiaamsecandum
633 3467 725 3514 crificia
734 3467 828 3527 positus
837 3467 967 3528 cogitabat.

82 3540 232 3599 Esanqetiam
248 3554 326 3588 msam
341 3542 471 3600 pertesum
488 3539 607 3587 Christum

81 3607 208 3653 Dominum
218 3611 332 3656 nostrnm.
340 3606 385 3653 llic
396 3605 472 3664 igitur
483 3605 520 3652 est
528 3605 608 3663 judex
654 3623 664 3643 ·
674 3621 738 3672 Quod
746 3622 772 3658 a,
780 3620 932 3668 quadrantaria
944 3614 1102 3666 ,mmmm
1112 3612 1163 3651 sub·

81 3674 153 3721 Iesus
168 3674 290 3734 Christus,
307 3686 352 3733 pel·
369 3684 445 3733 quem
460 3673 557 3718 occulta
568 3684 609 3718 pp.
631 3673 713 3718 ficitur,
722 3670 1089 3734 elslnounihilubscurilafispmss
1098 3666 1162 3713 ferat,

634 3725 689 3788 nibil
698 3729 768 3762 tannen
779 3723 838 3761 aliud
845 3724 984 3770 significatur.
993 3721 1033 3759 atsi
1041 3723 1161 3758 commuta·

81 3740 244 3801 darguuntur,
265 3742 291 3788 et
311 3740 416 3800 improbi
427 3735 517 3798 'operis
534 3749 607 3797 poena
634 3775 927 3825 inanemquamaamviderm
936 3773 1159 3823 uumquipscunnm

81 3810 220 3858 mandatur·
632 3832 704 3874 solvit,
712 3831 834 3868 libertatem
843 3840 856 3866 a
867 3838 952 3867 earcere
959 3831 979 3865 el
989 3828 1080 3866 vinculis
1087 3825 1160 3864 alibro

112 3881 166 3928 l55.
176 3881 219 3928 Vis
228 3877 291 3928 scire
302 3877 425 3926 Christum
435 3888 488 3926 esse
497 3875 607 3935 judicem
632 3883 783 3931 pensaurum
791 3881 896 3920 obnoxius
907 3879 1052 3928 eral,aeciplf.
1060 3876 1159 3926 Atalant-

80 3948 123 4010 qur
135 3949 242 3997 exactori
253 3947 339 4006 trado,
350 3945 375 3996 et
383 3947 538 3994 incarcerans
549 3945 608 3992 mil·
633 3936 729 3974 aa...
738 3944 781 3973 ¹¹⁰⁰
791 3935 846 3972 „san
859 3934 941 3972 dium
949 3933 992 3973 ⁶1⁰·
1001 3931 1062 3972 θαι
1073 3942 1113 3980 ero
1127 3928 1159 3968 Μ·

632 3988 708 4033 Caelio,
717 3988 872 4036 quadrantariam
877 3987 1032 4033 pennatationsm
1042 3987 1102 4022 vocat
1110 3990 1158 4020 cam
1253 4014 1255 4018 ,

81 4016 127 4082 w
138 4020 220 4079 lpsum
230 4018 367 4078 intefmssae
377 4015 453 4064 imffl⁰
465 4014 606 4095 imum-¹⁰32
632 4052 676 4090 qua
691 4040 870 4088 Clodia,accepto
885 4037 1115 4087 quadrantmorporir
1123 4037 1160 4077 sai

80 4087 108 4135 ln
119 4087 247 4148 Evangelio
258 4084 485 4135 dieentcmrl'ollttc
492 4085 515 4134 ct
523 4085 606 4133 mittite
632 4091 937 4144 eoprsnoanaorsamoa
1015 4152 1029 4195 ὅ
