2752 4814
468 339 512 385 DE
524 338 621 392 ἘΙΒΕ,
639 337 741 384 bunun
754 340 797 388 Π.
1120 337 1166 389 ibt
1234 403 1240 411 Ι

79 420 197 482 temporis
211 422 265 483 esi,
273 419 401 483 generetis
407 420 469 475 ,ante
484 420 610 482 tempora3
636 419 694 480 quia
712 420 836 471 comburit
849 419 930 482 tofum
944 421 970 471 sis
982 423 1048 473 utero
1062 424 1127 486 sius,
1137 432 1160 480 et

79 490 108 542 et
119 489 174 536 ideo
191 488 259 549 quod
274 487 397 548 posterius
408 486 459 547 est,
474 487 545 548 priua
562 497 612 533 nou
636 491 723 550 ruptura
733 491 863 550 suspiritu
873 493 954 539 sonoro
964 493 1095 543 nouatum.

79 557 118 602 ost
126 569 132 601 ε
141 568 186 603 nec
194 556 317 617 opusaute
325 556 450 603 auctorem
456 554 537 617 potest
545 565 611 612 esse;
667 556 722 604 rit.
733 554 796 605 Vide
808 557 959 619 singulorum
969 559 1100 606 verborum
1109 573 1170 620 pro·

79 635 137 670 curn
144 637 217 684 opera
226 625 278 684 ipse
285 624 437 685 principium
446 623 476 670 de
484 623 611 682 operatore
637 625 763 684 prietates.
778 627 870 673 Vocem
889 626 992 685 quidem
1002 628 1082 675 illariae
1099 629 1169 689 prior

79 703 125 738 suo
136 693 241 741 sumant.
252 695 311 740 Nam
322 691 442 754 quomodo
456 693 514 738 ante
526 703 613 752 opera·
637 694 763 741 Elisabeth
779 693 887 753 audivit,
900 695 944 741 sed
958 695 1083 743 lohannes
1100 697 1170 756 prior

81 760 160 809 torem
169 775 303 809 suumusus
311 761 392 822 operis
400 759 549 819 aesiimetur'3
557 772 611 807 cum
637 762 735 808 Domini
746 762 849 822 gratiam
856 761 942 808 sensit.
955 762 1040 809 Pulcre
1052 762 1099 810 sibi
1111 775 1170 823 con·

27 857 29 863 ·
81 839 154 876 omne
165 831 331 890 tempusopus
342 828 382 889 sit,
391 829 417 876 et
428 841 500 876 omne
509 840 570 888 opus
581 827 611 875 de
637 828 740 876 veniunt
752 829 850 876 oracula
867 827 986 888 oraculis,
1004 829 1095 878 iemina
1112 843 1172 878 unu-

81 898 209 962 operatore
220 910 262 945 suo
272 898 386 957 utesset,
399 896 502 956 accepit.
636 896 709 955 lieri,
719 898 745 945 et
763 896 854 957 pignus
872 896 978 957 pignori.
990 898 1044 944 lstae
1063 899 1170 960 gratiam

112 966 165 1012 iii.
176 967 289 1026 Experiri
300 966 376 1026 igitur
387 966 468 1014 adbuc
477 965 536 1013 istos
546 965 612 1022 volo,
637 965 784 1025 loquuntur,
795 964 832 1012 iili
848 964 914 1012 intus
929 966 1073 1025 operantur,
1088 967 1170 1025 pieta-

79 1032 125 1094 qui
140 1033 186 1080 sibi
203 1035 318 1082 videntur
330 1033 418 1094 astuti;
431 1034 459 1081 ut
474 1034 504 1080 de
523 1031 614 1080 nostris
637 1034 718 1094 iisque
729 1033 874 1095 mysterium
888 1034 1006 1081 maternis
1022 1034 1171 1084 adoriuntur

82 1102 258 1166 respondeant,
267 1102 310 1162 qui
319 1100 501 1149 calumniantur
510 1099 612 1159 divinis,
636 1102 802 1163 profectibus3
811 1103 953 1162 duplicique
965 1103 1099 1161 miraculo,
1109 1103 1171 1153 lic'et

81 1168 203 1231 longeque
214 1169 341 1228 refugiunt
359 1170 390 1215 ab
402 1168 557 1215 inscrutabili
572 1181 613 1215 su·
637 1172 728 1219 bonore
738 1171 849 1229 diverso,
859 1170 1007 1231 prophetant
1017 1173 1107 1218 matres
1117 1172 1170 1233 spi·

81 1248 163 1298 pernae
169 1238 337 1297 generationis
345 1237 611 1296 arcanozquaestionem
637 1239 686 1287 ritu
697 1241 864 1301 parvulorum.
872 1240 932 1298 Quis
943 1239 1019 1299 igitur
1027 1240 1111 1287 auctor
1121 1241 1170 1288 hu·

80 1317 150 1352 suam
171 1305 284 1352 humanae
302 1304 430 1352 adstruant
446 1304 613 1364 generationis
635 1308 675 1364 jus
698 1308 827 1368 miraculi,
843 1321 928 1356 noune
944 1308 991 1357 Dei
1014 1307 1105 1369 Filius,
1124 1307 1170 1370 qul

80 1375 206 1433 exemplo.
215 1376 251 1420 lie
259 1373 321 1421 Filio
329 1375 375 1421 Dei
386 1373 471 1420 dicunt
478 1373 536 1433 quia
545 1373 612 1420 ante-
637 1375 696 1424 fecit
707 1387 820 1424 essenon
829 1375 917 1424 natos!
1091 1428 1094 1433 ,

80 1454 156 1502 quam
166 1443 324 1500 generaretur
330 1454 379 1489 non
390 1442 456 1502 erat,
465 1441 512 1489 hoc
520 1441 569 1508 est,
581 1441 611 1489 de
668 1445 721 1491 lib.
730 1446 767 1491 De
774 1445 848 1492 rebus
856 1444 971 1492 humanis
978 1442 1080 1505 quaestio
1087 1441 1171 1503 vostra

81 1511 129 1558 Dei
143 1511 262 1571 sapientia
272 1545 279 1571 ,
289 1511 320 1559 de
337 1511 431 1560 virtute
446 1511 508 1572 Dei,
518 1511 549 1558 de
566 1512 611 1559 Dei
637 1525 685 1560 nou
692 1513 776 1574 potest
786 1512 934 1571 convenire3
952 1512 1065 1573 potestne
1084 1511 1115 1558 de
1130 1510 1171 1558 di-

81 1580 177 1640 verbo,
195 1580 267 1638 cuius
282 1581 408 1640 generatio
425 1579 491 1628 nihil
509 1580 567 1628 ante
585 1593 611 1627 se
637 1581 701 1628 vinis
712 1581 845 1628 convenire
854 1579 971 1629 secretis?
981 1580 1045 1637 Quid
1054 1579 1091 1626 est
1102 1592 1109 1626 ι
1119 1579 1170 1627 bn-

81 1648 160 1701 novit.
179 1648 249 1706 Quod
266 1648 287 1694 si
306 1647 491 1709 aliquando,ut
510 1650 611 1708 volunt,
636 1651 735 1711 tequam
747 1651 922 1712 generaretur,
933 1662 983 1697 non
1001 1648 1073 1697 erati
1090 1650 1170 1696 Num-

81 1727 131 1764 non
140 1717 187 1763 ruit
195 1715 205 1778 (
212 1713 276 1776 quod
285 1715 355 1777 nefas
363 1716 431 1764 dictu
442 1715 496 1778 est)
506 1730 557 1762 non
565 1717 613 1764 luit
637 1719 695 1777 quid
705 1719 777 1766 Pater
785 1719 868 1776 aliqua
877 1718 988 1778 tempora
1000 1717 1169 1777 conceptionis

82 1796 141 1844 ergo
150 1785 176 1830 in
186 1786 237 1832 Deo
247 1784 407 1842 perfectiouis
418 1785 551 1842 aliquando
561 1785 613 1843 ple·
638 1786 748 1844 accepit,
763 1786 792 1832 ut
806 1787 897 1833 Filium
912 1789 1025 1844 tempora
1040 1785 1165 1844 praeveni·

82 1852 170 1899 nitudo
179 1849 283 1909 divina,
294 1851 315 1898 si
325 1852 410 1911 postea
417 1862 560 1910 processum
569 1863 613 1910 ge·
639 1850 711 1898 rent?
720 1851 769 1896 ilut
779 1849 893 1898 leminea
904 1862 973 1898 mors
990 1851 1083 1897 naturae
1093 1862 1170 1909 gene-

83 1920 217 1969 nerationis
232 1919 337 1978 accepit.
638 1917 738 1964 rationis
747 1929 796 1965 snae
803 1917 902 1964 molitus
911 1919 948 1964 est
958 1919 1054 1976 partum
1062 1930 1070 1977 ς
1079 1918 1106 1964 nt
1115 1929 1170 1964 mo·

115 1991 169 2037 tiu.
181 1991 272 2037 Tamen
283 1989 310 2036 ut
326 1988 405 2036 sciant
418 2000 491 2049 quam
509 2001 572 2038 vana
583 1988 614 2036 sit
639 1987 692 2033 litio
701 1987 752 2046 ipsa
762 1985 824 2033 Filio
835 1986 899 2034 emet
907 1985 1121 2046 antiquiortQuid
1131 1985 1171 2036 est

84 2060 111 2111 et
122 2059 233 2108 solubilis
246 2070 331 2106 eorum
347 2059 464 2116 quaestio;
477 2058 535 2104 licet
551 2056 614 2104 nihii
639 2054 702 2102 lroct
719 2057 766 2102 Cur
784 2055 869 2102 divina
893 2056 988 2104 secreta
1006 2053 1170 2103 discutimus!

84 2127 112 2174 iu
123 2138 153 2173 eo
163 2125 277 2172 humanis
287 2125 411 2173 divinisve
423 2137 566 2184 commune,
577 2126 614 2172 ta·
638 2123 814 2184 Proprietatem
825 2123 873 2189 legi
883 2123 975 2188 divium
992 2122 1169 2184 generationis,

84 2208 143 2243 men
151 2194 243 2241 docebo
253 2193 378 2254 homines,
388 2195 518 2254 antequam
529 2206 614 2242 nasce·
638 2205 686 2239 nou
697 2192 850 2251 qualitatem.

84 2265 185 2321 rentur,
196 2261 280 2310 luisse.
292 2263 339 2310 lut
354 2263 445 2322 negent
456 2263 530 2310 Jacob
546 2276 614 2311 sanc·
669 2259 721 2307 iis.
730 2261 832 2307 Facinus
842 2259 974 2322 indiguum
983 2259 990 2307 l
999 2260 1027 2307 ut
1035 2272 1101 2308 exse
1111 2260 1169 2320 qui-

84 2333 138 2379 ium
149 2331 238 2389 tuisse,
248 2330 391 2391 priusquam
404 2331 559 2389 nasceretur,
570 2331 612 2391 qui
638 2329 693 2376 dam
708 2330 816 2378 coelestia
827 2331 974 2388 metiantur,
987 2329 1032 2389 qui
1044 2330 1167 2378 Christum

84 2399 186 2447 tratrem
197 2399 364 2461 supplantavit
374 2399 400 2447 in
410 2398 517 2446 materni
534 2399 613 2446 adhuc
638 2410 686 2444 non
696 2399 762 2444 nasci
773 2399 895 2457 potuisse,
907 2397 952 2445 sed
964 2397 1031 2456 lieri,
1043 2398 1170 2456 tamquam

84 2470 149 2516 uteri
171 2469 265 2528 positus
284 2479 372 2514 arcano
391 2479 398 2512 z
416 2465 509 2524 negent
526 2467 614 2514 illene·
639 2473 714 2511 unum
725 2465 755 2512 de
768 2463 915 2522 spadonibus
930 2462 1036 2522 putant:
1049 2463 1092 2509 aut
1104 2465 1170 2526 tam·

84 2537 174 2596 mian,
194 2537 325 2595 autequam
348 2535 506 2593 nasceretur,
524 2533 614 2593 tuisse,
639 2543 712 2590 quarn
726 2544 803 2578 unum
814 2530 844 2578 de
858 2529 1006 2589 spadonibus
1016 2529 1113 2576 Patrem
1129 2529 1170 2593 Fi-

84 2605 127 2653 cui
137 2605 229 2654 dicitur
241 2616 248 2650 s
260 2605 404 2663 Priusquam
417 2605 438 2650 te
447 2604 578 2662 formarem
590 2606 614 2649 io
640 2601 719 2658 lium,
735 2611 810 2659 quern
831 2611 949 2660 generare
966 2609 1017 2645 non
1037 2596 1168 2658 potuerit,

85 2678 152 2722 utero
167 2674 250 2721 matris
261 2675 319 2728 tuoe,
331 2672 385 2719 uoos'
394 2674 432 2719 le:
442 2673 465 2718 et
477 2672 615 2731 priusquam
640 2668 800 2730 adoptaverit.

85 2745 162 2791 ostrea
170 2744 196 2789 de
207 2743 275 2790 ouloo
280 2773 289 2798 ,
297 2741 438 2800 sanctificavi
446 2743 480 2798 te,
489 2741 616 2800 etpropbe-
848 2790 851 2798 Ι

85 2815 136 2859 tom
147 2812 172 2858 iu
190 2809 293 2870 gentibus
303 2810 371 2869 posui
387 2813 418 2856 tc.
428 2809 494 2867 Quid
504 2810 550 2857 boc
562 2809 615 2856 evi·
780 2870 782 2874 ,
813 2812 941 2868 CAPUT
962 2813 1001 2867 x,

87 2877 186 2957 ⁶⁰⁰¹¹3¹⁸
203 2876 266 2925 Μ
285 2877 398 2968 9¹⁰mp¹⁰
415 2877 555 2936 ⁹³⁰⁹¹¹⁰¹ae’
573 2877 615 2937 ‘¹¹¹³
640 2917 1170 2967 oppressoribuscumeum‚sonannssuss,vrvm

86 2946 252 2994 sanctificatus
270 2947 321 3005 est,
340 2946 474 3005 antequam
490 2948 575 3006 natus,
591 2949 617 2995 et
662 2973 894 3021 proposueramus
908 2972 1049 3020 mmmm
1064 2972 1171 3019 murum

87 3013 220 3073 antequam
228 3013 388 3077 formaretur,
400 3016 438 3061 est
448 3014 578 3075 cognitus?
663 3038 705 3065 non
722 3026 861 3078 murum,
876 3027 1016 3074 respondetur
1036 3026 1087 3064 nnn
1102 3026 1170 3072 viram

118 3083 171 3129 115,
183 3081 248 3140 Quid
258 3083 332 3130 etiam
349 3082 379 3129 dg
390 3082 500 3130 johanne
518 3084 615 3143 loquar⁵
655 3081 782 3138 ⁴secuudum
793 3081 806 3118 d
816 3081 927 3118 viniiaiem
937 3090 976 3118 nec
984 3081 1065 3128 coepisse
1078 3091 1103 3117 ex
1113 3083 1171 3117 ieni-

87 3150 118 3200 o
137 3164 185 3211 oo
203 3151 280 3198 mater
298 3151 411 3210 renuo
430 3152 616 3212 testatum
662 3134 1170 3236 extorquerent{iteretur152:

88 3219 152 3267 intra
162 3219 271 3266 materna
282 3221 343 3267 situs
352 3221 431 3266 adbuc
440 3222 544 3279 viscera,
555 3233 616 3279 prae-
662 3241 762 3288 probari,
778 3241 838 3286 quoe
852 3240 934 3283 struem
948 3240 974 3277 dg
989 3249 1079 3285 corpore
1087 3249 1111 3276 ac
1119 3248 1171 3276 san-

88 3287 192 3334 sentiam
211 3286 310 3333 Domini
328 3288 416 3346 spiritu
428 3288 555 3346 cognovit,
571 3299 617 3332 ex·
663 3293 728 3338 guine
738 3301 775 3327 sno
785 3291 924 3336 praemiserat.
934 3288 993 3324 Tum
1007 3288 1102 3325 duarum
1116 3298 1171 3326 con-

88 3353 221 3401 sultatione
239 3353 404 3410 consignavit,
416 3353 479 3401 sicut
497 3352 617 3417 scriptum
664 3337 1171 3437 :2⁰⁸3ssJrffffflffffffflsse‘g'uffifffl‘ffu'r‘r:

89 3422 260 3479 meminimus,
271 3424 347 3468 matre
360 3421 458 3468 dicente
470 3434 477 3466 :
488 3423 546 3467 Ecce
556 3422 617 3468 enim
664 3445 726 3484 Patre
741 3445 897 3492 aequaliorem,
909 3452 949 3480 nee
960 3451 1003 3479 non
1019 3452 1070 3479 cum
1083 3441 1172 3479 bomiri«

89 3494 116 3539 ut
133 3491 196 3550 torto
208 3493 240 3538 cst
250 3493 275 3537 iu
293 3490 389 3537 curibus
406 3492 462 3538 meis
473 3504 520 3537 oon
530 3491 618 3536 soluto·
663 3498 827 3538 similitudinem
843 3496 922 3545 signari
940 3494 1005 3533 docet.
1021 3495 1101 3531 Deinde
1118 3504 1172 3542 per-

90 3562 159 3609 tiouis
173 3563 232 3616 tuoe,
241 3560 364 3607 exsultarit
375 3561 399 3606 iu
411 3561 493 3618 qoudio
505 3559 583 3618 iussus
593 3561 617 3606 iu
663 3553 736 3589 stricta
747 3561 813 3616 quam
827 3549 882 3587 mus
896 3549 1011 3613 inurebatur
1021 3548 1114 3594 injuria,
1127 3558 1172 3594 nuo

664 3609 725 3653 pacto
736 3609 800 3642 ciram
813 3602 933 3641 secundum
942 3602 1076 3640 divinitatem
1085 3605 1172 3648 propior

89 3631 156 3675 utero
164 3642 214 3675 usco
223 3627 233 3674 ἒ
243 3628 300 3674 Erat
311 3626 386 3685 igitur
395 3627 437 3686 qui
449 3626 618 3686 prophetabat,
665 3660 750 3697 narrem
768 3660 840 3703 vivas,
850 3657 924 3704 aperit.
941 3656 973 3694 pc
984 3655 1069 3693 ianuam
1081 3657 1173 3702 exposco

90 3708 122 3744 an
133 3708 181 3742 non
199 3695 269 3742 erat?
284 3695 314 3743 At
325 3697 392 3743 certe
409 3698 475 3754 erat3
487 3697 540 3743 erat
552 3697 619 3743 enim
665 3722 716 3760 quae
731 3712 783 3748 vna
798 3714 878 3748 nostras
893 3718 945 3747 cum
957 3707 1030 3744 meina
1047 3709 1118 3746 untias
1132 3707 1171 3753 sir.

90 3764 134 3826 qui
144 3765 307 3812 venerabatur
318 3764 455 3822 auctorem,
467 3765 520 3810 egat
530 3763 573 3823 qui
581 3765 620 3825 ⁴lp.
666 3764 729 3802 aliam
738 3762 894 3810 objectionem,
908 3770 952 3809 qua
959 3759 1028 3798 Filius
1038 3771 1076 3808 per
1086 3759 1172 3800 Patrem
1250 3781 1258 3791 ι

91 3833 212 3892 qnebalur
227 3833 253 3880 in
271 3833 359 3879 matre.
370 3832 482 3892 Denique
494 3833 619 3880 Elimbeth
666 3812 999 3862 ⁰¹²¹¹¹¹⁰²¹¹⁶¹¹⁹⁰¹²¹¹¹¹¹’¹’⁸¹¹⁰¹⁵
1010 3811 1104 3850 ⁸b⁸⁰¹'⁵¹'

92 3899 137 3946 ulii
155 3899 243 3960 spiritu
259 3900 620 3960 replebatur‚b1ariabiiispi-
676 3901 728 3947 ill.
753 3901 885 3958 linumque
906 3897 980 3945 etiam
999 3896 1057 3944 birro
1079 3896 1173 3946 iaciunt
1197 3941 1199 3944 Α

91 3968 140 4017 ritu
164 3968 371 4022 sanctificabatur:
389 3970 425 4017 sic
444 3967 511 4017 cuim
529 3968 619 4047 babes,
644 3967 817 4030 quaestionem,
832 3967 890 4030 «puio
906 3965 1071 4029 scriptumest
1089 3968 1172 4016 :sicut
