2752 4814
311 401 539 452 EXHORTATIO
557 397 937 455 sinain-inlarestlaaa
956 398 1051 447 UNUS.
1183 392 1247 446 alit

141 481 671 539 nduroneatcousideremus.ltonjurandum
696 482 890 530 menstruorum
910 477 1048 542 requiescit,
1065 479 1111 527 boc
1124 479 1174 539 est,
1185 480 1232 527 etsi
1298 528 1301 535 ,

142 550 231 610 tacite3
242 551 298 610 qula
308 552 454 611 plerumque
465 551 536 599 multi
552 562 673 597 casusne·
697 562 771 597 causa
791 550 822 597 sit
837 563 892 610 quae
908 551 1008 599 moveat
1022 549 1232 608 indignationem,

144 618 245 677 sidunt,
258 619 285 665 ut
294 632 343 667 nun
358 621 478 679 possimus
489 620 593 678 implere
608 617 673 678 quud
697 630 746 665 non
757 619 790 666 sit
799 618 890 666 testim
900 619 1027 677 vindicta3
1039 631 1072 665 ne
1084 619 1234 664 immodera-

142 685 317 743 luraverimus.
327 688 375 745 Qui
386 688 525 735 autemnon
533 687 613 746 jurat,
623 686 673 733 uti·
697 688 747 734 tius
765 687 831 734 calor
846 686 1022 746 indignationis
1033 687 1164 734 exaestuet.
1177 687 1230 731 Non

108 757 110 761 '
144 767 194 814 ¹que
204 768 253 803 non
263 756 357 814 pejerat
369 771 376 804 :
388 757 429 816 qui
439 758 522 804 autem
539 757 620 814 jurat,
628 755 673 802 ali·
698 757 779 815 potest
789 756 866 815 igitur
875 755 977 802 aniene
985 755 1051 814 quod
1064 753 1185 802 naturalis
1195 753 1234 800 esi

143 824 347 883 quandonecesse
355 825 520 873 estincldatiu
527 825 672 884 perjurinm3
698 827 792 882 motus,
803 824 846 871 sed
857 836 949 873 moram
959 822 1061 880 inserit,
1071 823 1100 869 ut
1108 821 1233 868 medicina

143 893 202 951 quia
218 894 297 941 omnis
317 894 390 941 bomo
404 893 522 941 mendax.
540 893 594 941 Noli
617 904 674 952 ergo
698 892 795 940 consilii
804 893 928 952 temperet
944 890 1104 937 iracundiam.
1114 889 1153 936 Sic
1165 890 1232 936 enim

142 961 238 1020 iurare,
250 975 281 1011 ue
292 963 397 1022 incipias
407 963 530 1021 pejerare.
699 963 777 1008 David
796 964 853 1009 ante
863 962 914 1018 Jam
925 959 1022 1006 dixerat
1032 960 1183 1006 rimemini
1189 991 1197 1015 ‚
1212 961 1234 1005 et

174 1029 213 1075 75.
224 1031 258 1076 Ne
266 1030 342 1089 ipsam
352 1031 452 1091 quidem
460 1029 603 1077 liberiorem
613 1028 675 1076 laeti·
699 1033 767 1079 nolite
784 1045 893 1091 peccam
901 1043 949 1077 nou
957 1028 1023 1088 quod
1036 1028 1169 1087 imperaret
1184 1029 1234 1073 ira-

144 1096 241 1144 tiamin
260 1099 398 1157 virginibus
415 1099 486 1145 decet
502 1110 566 1145 esse.
583 1099 643 1154 Quae
653 1097 675 1143 si
700 1098 1148 1158 cundiam,sedquodidquoduaturae
1159 1098 1232 1153 esset,

144 1178 193 1211 nun
208 1167 300 1214 liabent
313 1167 378 1226 quod
394 1167 482 1225 sseant,
499 1167 575 1213 deant
599 1178 676 1212 saecu·
700 1167 797 1214 aulerre
808 1167 956 1226 nonpossit:
969 1167 995 1213 et
1005 1166 1074 1225 quasi
1088 1165 1235 1213 bouusmo-

144 1235 293 1292 lum,tleant
308 1237 390 1296 lapsus
401 1236 570 1294 peccantium3
584 1235 676 1282 etenim
701 1235 770 1281 dicus
783 1236 921 1282 remedium
930 1235 1013 1292 daret,
1025 1236 1052 1282 ut
1067 1233 1121 1293 ipsa
1133 1234 1231 1279 iracun-

123 1320 131 1334 ·
144 1315 199 1360 qum
209 1303 312 1349 aliorum
323 1304 404 1362 lapsus
415 1303 527 1361 fleverit,
536 1315 592 1350 suos
604 1315 676 1350 cave·
700 1302 740 1348 dia
758 1315 809 1348 non
830 1304 940 1350 noceret.
1065 1303 1070 1313 ’

144 1371 190 1418 bit.
206 1372 293 1418 Fleant
312 1374 435 1431 postremo
450 1373 492 1420 uel
504 1373 547 1419 illa
566 1373 677 1418 contem·
732 1370 769 1417 78.
787 1371 900 1429 Denique
912 1369 987 1417 etiam
1002 1369 1090 1430 siquis
1102 1368 1231 1429 'prolapsus

145 1439 253 1496 piatione
263 1472 272 1499 ,
282 1440 309 1487 ut
318 1441 359 1487 bic
371 1441 474 1499 dentes,
491 1442 544 1489 illie
555 1441 676 1500 accipiant
701 1439 766 1485 esset
775 1438 986 1498 corde,quuniam
1001 1439 1038 1485 ira
1053 1439 1134 1486 nescit
1143 1440 1232 1486 tenere

146 1508 349 1566 consolationem
371 1521 402 1555 ne
415 1509 480 1556 sicut
495 1510 564 1557 dives
582 1509 675 1568 illequi
700 1506 967 1565 moderamen3suadet
978 1507 1005 1554 ui
1019 1505 1234 1566 compungaturin

144 1576 195 1624 bic<
205 1578 346 1625 luxuriatus
358 1581 410 1638 est,
427 1579 479 1625 illic
490 1591 575 1638 poenas
591 1591 676 1638 graves
701 1577 824 1622 eubilibus
840 1577 906 1636 suis,
929 1577 955 1623 et
971 1590 1042 1624 snum
1063 1577 1233 1636 unusquisque

143 1645 228 1692 subire
240 1647 339 1693 Domini
349 1648 487 1695 declaratur
495 1648 592 1694 oraculo
600 1680 607 1704 ,
616 1649 642 1694 et
649 1649 677 1693 tu
701 1644 848 1692 condemnet
858 1658 975 1692 errorem.
984 1646 1024 1692 Sic
1035 1645 1102 1691 enim
1114 1645 1232 1704 scriptum

145 1713 229 1761 audias
237 1717 359 1774 altecepa'rli
369 1716 429 1762 beau
436 1717 572 1762 tauituiuu.
582 1716 676 1771 Quanto
701 1714 739 1759 est
750 1727 757 1757 z
771 1716 827 1773 Quor
835 1716 909 1762 dicitis
919 1717 945 1760 ia
955 1715 1060 1762 cordibus
1071 1717 1152 1762 uestris
1161 1745 1169 1769 ‚
1178 1716 1200 1759 et
1208 1715 1234 1758 ia

145 1780 240 1828 beatior
260 1784 366 1830 Lazarus
383 1783 426 1842 qui
444 1783 485 1829 hic
497 1782 677 1840 ssevii,etillic
701 1782 814 1829 cubilibus
832 1785 912 1829 uestris
937 1785 1126 1842 computabimini.
1149 1781 1234 1826 Voluit

145 1850 252 1897 exsultat
264 1864 271 1895 ι
290 1851 332 1896 bic
344 1850 462 1907 esurivit,
484 1850 510 1895 et
524 1849 576 1895 illle
595 1849 678 1907 epula·
703 1846 786 1905 itaque
798 1860 882 1894 omnes
894 1849 1006 1895 homines
1018 1860 1119 1893 suorum
1131 1848 1234 1894 delicto-

145 1913 201 1963 tur?
209 1917 234 1963 Si
242 1916 278 1965 vis
288 1929 346 1976 ergo
354 1919 413 1965 etin
422 1917 509 1963 bonam
517 1916 628 1963 laetitiam
639 1929 678 1962 se·
703 1927 757 1960 rum
766 1927 820 1962 esse
830 1928 955 1974 censores3
967 1915 1045 1975 utqui
1057 1914 1154 1973 publico
1162 1915 1233 1961 testi-

147 1986 205 2045 qui,
217 1987 369 2033 demonstrat
384 1987 431 2034 tibi
442 1985 679 2045 Ecclesiasiesliber
702 1982 787 2029 monio
804 1995 852 2029 non
869 1985 981 2043 tenetur,
997 1995 1023 2029 se
1034 1983 1114 2042 ipsum
1123 1983 1234 2040 iudicum

146 2067 219 2112 quam
229 2055 297 2112 sequi
309 2054 407 2112 debeas,
419 2053 599 2113 quirinalem,
609 2067 679 2100 muu-
703 2051 745 2108 qui
758 2048 785 2095 in
795 2051 890 2098 occulto
899 2052 981 2110 lapsus
990 2052 1041 2109 est,
1052 2050 1195 2108 erubescat,
1207 2050 1234 2097 et

146 2122 206 2168 <tacu
218 2124 242 2167 iu
258 2122 338 2171 loeltiiu
361 2135 446 2181 punem
467 2124 548 2180 tuuur,·
566 2124 678 2181 quonium
703 2119 900 2178 aculeoquodam
909 2120 1021 2167 coerceat
1028 2117 1200 2166 amaritudinis
1208 2118 1235 2166 et

141 2189 195 2246 jum
204 2192 343 2249 placuerunt
354 2193 402 2237 Deo
413 2191 477 2250 furtu
488 2193 537 2237 inu.

177 2255 216 2302 76.
228 2256 378 2313 Quidautem
388 2258 455 2304 idem
463 2258 620 2305 Ecclesiastes
627 2271 678 2304 mo-

145 2322 230 2370 nuerit
241 2336 285 2370 nos
294 2336 378 2370 omnes
389 2324 419 2370 de
431 2325 632 2372 immoderatione
644 2326 678 2371 ri·
719 2365 720 2368 ,

146 2389 234 2450 dendi‚
247 2392 440 2439 consideremus.
448 2395 512 2440 Sicut
520 2393 676 2452 communit,

145 2461 268 2516 spinarum
286 2461 329 2507 sub
347 2462 409 2517 ullu,
424 2463 460 2507 itu
472 2464 532 2508 risus
543 2463 676 2508 stultorum.

145 2524 237 2583 Nempe
259 2527 335 2584 spinas
352 2538 408 2573 cum
426 2527 526 2584 ardent,
541 2529 641 2584 sonant,
653 2529 678 2572 et
703 2556 704 2560 ,

147 2592 196 2637 cito
219 2595 372 2652 exuruntur3
391 2595 419 2641 'et
436 2595 520 2640 nullus
543 2595 630 2641 caloris
651 2595 678 2640 sit

151 2659 259 2706 illectus.
270 2661 340 2706 Unde
349 2662 374 2707 et
384 2661 414 2707 de
423 2662 514 2708 iudaeis
522 2662 615 2710 dictum
627 2665 677 2710 est:
712 2674 715 2680 ·

148 2729 296 2777 Esurierant
315 2731 374 2777 sicui
389 2732 449 2790 iunia
459 2733 484 2777 irs
494 2733 575 2790 spinis.
591 2732 677 2787 Enusti

150 2796 213 2842 ellim
225 2809 268 2843 suo
279 2797 347 2856 risu,
359 2797 538 2857 conflagrarunt
546 2800 571 2845 in
581 2800 678 2845 Domini

148 2866 273 2923 passione,
294 2865 390 2923 quaudo
403 2866 428 2911 in
446 2868 535 2913 animae
546 2879 596 2914 sum
612 2869 679 2926 ioca-

147 2929 237 2978 bantur
257 2932 414 2992 iucendium,
434 2935 544 2982 dicentes
555 2948 561 2980 τ
574 2938 679 2995 Speruuit

145 3002 171 3048 iu
183 3003 297 3058 Dumium,
313 3004 397 3062 eripiat
410 3018 476 3062 eum3
496 3005 586 3052 sulcum
605 3005 678 3064 furiat

125 3061 128 3067 ’
147 3081 213 3124 eum,
225 3071 337 3128 quonium
356 3071 405 3116 uuit
424 3085 485 3117 attin.
498 3071 527 3116 Et
538 3071 678 3120 deridentes

702 2186 812 2246 pudoris.

855 2319 982 2374 CAPUT
1008 2325 1079 2374 XII.

703 2411 737 2448 Ad
747 2411 900 2458 parcimoniam
910 2415 1047 2462 transit,qua
1061 2426 1137 2463 corpus
1146 2415 1235 2454 adtera-

725 2467 763 2500 lur
776 2477 781 2502 z
795 2466 855 2511 jubel
866 2467 944 2504 bonam
959 2470 1031 2515 parari
1042 2470 1233 2507 existimationem:

724 2519 819 2555 maxime
832 2527 882 2554 vero
897 2519 1020 2564 requiriri·
1031 2521 1117 2566 virgine
1128 2520 1234 2557 sobrieta-

726 2572 782 2614 tem,
791 2568 814 2604 id
821 2570 862 2614 est,
872 2570 1020 2608 abstinentiam
1031 2583 1043 2609 a
1052 2571 1136 2608 lasciuia
1144 2576 1164 2608 el
1174 2573 1235 2609 variis

729 2621 824 2667 corporis
831 2624 1033 2671 ornamentis,quae
1041 2625 1137 2662 affectari
1146 2624 1211 2660 etiam
1223 2635 1234 2660 a

726 2674 788 2711 sacris
800 2673 929 2720 quibusdam
939 2677 1060 2722 virginibus
1069 2676 1131 2713 dolet.
1145 2677 1182 2714 llis
1193 2686 1235 2724 op-

725 2727 814 2774 ponitur
829 2729 951 2776 exemplum
968 2735 1046 2768 sariclae
1062 2731 1168 2777 sotheris,
1183 2740 1234 2778 quiae

725 2781 818 2818 formam
832 2792 893 2818 suam
906 2783 957 2820 adeo
972 2794 1015 2821 uon
1026 2785 1143 2825 excolebat.
1157 2788 1182 2821 ut
1199 2784 1235 2821 ta·

728 2835 781 2871 ciem
797 2835 926 2872 carnificum
941 2838 1019 2883 pugnis
1035 2837 1112 2874 lubens
1130 2837 1234 2874 obtulerit
1258 2835 1261 2838 ⁴

730 2887 892 2934 deturpandam.
908 2888 959 2935 EJus
969 2901 1019 2928 cum
1035 2890 1127 2928 Etrusco
1141 2891 1235 2936 juvene,

725 2951 791 2988 quern
805 2941 843 2977 sibi
854 2943 943 2984 vultum
955 2943 1040 2987 ioedasse
1051 2944 1188 2991 stigmatibus
1199 2944 1236 2981 ie-

726 2997 791 3041 runt,
799 2997 935 3042 comparatio.

734 3075 772 3121 79.
783 3075 849 3132 Quin
861 3075 892 3123 de
903 3076 1053 3136 parcimonia
1063 3078 1166 3137 loquar,
1177 3090 1233 3125 cum

147 3136 319 3192 percutiebant
331 3138 422 3184 calamo
430 3139 502 3199 caput
511 3139 564 3197 ejus
572 3152 578 3184 :
587 3141 678 3199 etquo-
702 3143 805 3202 Sapiens
819 3143 885 3192 dicat
897 3157 903 3189 ε
915 3147 989 3205 Auser
999 3162 1015 3194 u
1031 3160 1067 3194 mc
1082 3149 1170 3194 ventris
1180 3160 1235 3193 con—

147 3201 360 3262 niamsplniseum
372 3209 678 3266 coronabant,atqucace-
702 3214 874 3270 reprimentium,
883 3215 905 3259 ct
915 3216 1049 3262 concubitus
1060 3217 1194 3273 cupiditatis
1205 3228 1236 3261 ne

146 3271 199 3317 tum
211 3273 234 3317 ei
248 3273 275 3320 ut
286 3273 383 3319 biberet
396 3275 529 3321 offerebant
541 3287 548 3320 ε
562 3276 604 3321 ille
615 3276 678 3322 risus
703 3281 860 3338 upprebeadut
879 3281 931 3326 use?
949 3283 997 3329 Nec
1009 3283 1179 3329 infirmitatem
1201 3297 1235 3331 ex

146 3338 297 3399 synagogam
315 3340 427 3387 incendit
449 3342 477 3386 in
495 3343 623 3388 aeternum.
640 3343 679 3389 Sic
701 3346 809 3404 jejunio,
822 3346 847 3392 et
861 3347 1007 3394 abstinentia
1024 3348 1182 3406 reformides,
1195 3351 1235 3395 in·

150 3420 207 3464 ergu
219 3407 480 3466 estrtsusstuttorum,
491 3408 679 3469 quisinegraiia
703 3413 805 3460 firmitas
820 3413 887 3460 euim
901 3415 981 3473 gravis
991 3415 1097 3463 sobriam
1111 3415 1233 3465 tacitani·

148 3475 230 3530 sonat,
244 3476 269 3520 et
279 3474 398 3521 ollamsui
407 3477 581 3535 corporisurit.
594 3478 678 3524 llerito
704 3494 778 3528 mam.

149 3541 253 3598 negabat
264 3541 321 3587 Sara
330 3543 387 3600 quia
395 3544 496 3602 riserat,
508 3556 540 3592 ne
552 3545 679 3592 videretur
733 3550 772 3598 80.
784 3550 908 3608 Quomodo
916 3550 991 3599 etiarn
1004 3552 1092 3599 docent
1100 3553 1236 3606 Salomonis

148 3609 250 3656 ridendo
269 3611 299 3656 de
315 3612 404 3659 alteetu
422 3615 679 3671 promissorumdubi-
703 3620 834 3666 Proverbia
854 3620 924 3668 bonae
947 3622 1060 3680 opinioni
1070 3622 1235 3682 studendum,

148 3678 211 3725 tasse
223 3679 376 3740 coelestium3
387 3681 548 3729 ettameuille
555 3684 619 3730 risus
625 3685 679 3742 ple·
705 3687 807 3733 dicendo
819 3689 914 3737 :Potius
922 3692 1045 3736 estnutueu
1053 3690 1139 3736 bouum
1146 3723 1154 3747 ‚
1162 3705 1235 3750 quum

147 3757 195 3792 uus
204 3747 330 3804 gravitatis
344 3747 426 3795 tuerat
443 3751 468 3796 et
480 3751 593 3809 pudoris,
604 3764 678 3810 quem
704 3757 787 3802 diuitiae
798 3755 895 3802 multu?
905 3757 968 3814 Quid
979 3758 1016 3803 est
1032 3757 1099 3803 euim
1118 3758 1236 3818 patrimu-

148 3827 221 3861 nernu
232 3815 295 3862 alius
306 3816 390 3876 testis,
407 3818 455 3865 nisi
466 3819 533 3866 Deus
548 3821 613 3867 solus
624 3833 679 3881 cog·
704 3825 787 3881 nium,
799 3824 846 3870 uisi
864 3825 927 3872 buna
940 3826 982 3872 illa
994 3825 1116 3885 gubernet
1133 3829 1159 3874 et
1175 3839 1235 3886 ope·

147 3884 273 3943 nosceret,
285 3897 357 3944 quem
369 3887 464 3934 occulta
475 3899 523 3934 nou
534 3887 632 3937 fallunt.
705 3891 781 3941 ratio?
792 3893 861 3938 tlude
875 3892 973 3940 sanctus
984 3893 1029 3940 lob
1038 3893 1099 3940 dicit
1110 3906 1116 3939 ι
1126 3897 1235 3944 Benedic-

178 3953 217 3998 77.
228 3953 305 4011 Quam
316 3954 430 4013 pulcrum
441 3955 466 4003 et
479 3956 557 4003 illudi
568 3959 624 4005 Noli
633 3958 680 4017 fes·
705 3963 736 4008 tto
745 3962 854 4008 morituri
863 3975 931 4020 super
942 3975 979 4009 me
989 3963 1083 4020 ueniat,
1094 3965 1116 4010 et
1125 3977 1151 4011 os
1159 3964 1235 4012 vidum

148 4020 224 4070 doure
244 4025 268 4070 in
283 4024 367 4084 spiritu
381 4025 421 4072 tuo
431 4026 517 4084 irusci‚·
533 4028 589 4085 putu
601 4028 640 4075 iru
654 4029 679 4075 br
706 4040 741 4074 ane
753 4027 877 4075 benedicat.
890 4029 974 4079 Οιιιίιιι
991 4041 1059 4078 erum
1074 4042 1202 4089 euenum,
1213 4033 1236 4079 ei
