2752 4814
357 402 585 450 expostulent
603 398 1014 456 nucumnfnsnnsstmus.
1099 394 1101 399 ⁴
1177 396 1223 447 tis

110 496 112 500 ·
150 482 176 533 in
186 496 228 534 ore
238 482 312 545 gladii
324 496 331 532 s
343 486 458 534 ettudae'a
466 484 679 534 omnisanationi·
701 483 819 531 Salutaris
830 496 859 531 nc
872 483 968 542 reditu,
979 483 1017 530 cst
1028 477 1100 529 enim
1114 479 1232 528 virtutum

150 554 196 601 hus
206 554 337 602 credituris
352 555 532 613 subticiefurin
545 565 587 607 ore
603 553 678 614 gladii
702 552 836 611 Dominus,
856 553 1017 610 augmentum
1038 547 1124 606 gratis
1145 560 1233 596 conse-

150 623 281 682 spiritalis‚
291 623 335 682 qui
347 624 384 670 est
394 635 473 671 sermo
485 623 620 671 bisacutus
633 635 640 668 =
652 625 678 671 et
701 621 809 682 quantur
819 632 919 668 necesse
930 619 979 678 est,
991 619 1017 666 et
1027 617 1184 678 plenitudiue
1194 617 1232 664 di-

149 690 209 738 nent
223 691 292 752 signs
308 690 404 742 diversa
419 690 447 739 in
462 691 514 740 sols
532 690 558 740 et
576 690 636 738 luna
652 690 678 738 et
700 689 812 739 vinitatis
831 689 933 750 propius
952 701 979 736 se
1007 687 1156 736 infundente
1179 697 1233 733 mo-

149 758 238 807 steltis.
700 757 812 806 veantur.

179 827 219 874 57.
233 828 292 886 Quae
304 829 374 888 signa
385 828 520 876 secundum
535 826 677 874 srattueum
730 823 771 874 to.
799 825 863 875 Sunt
884 825 960 873 etiam
981 824 1086 872 virtutes
1113 823 1232 872 coelorum

150 894 488 957 evidentiusexprimuntur:
499 894 676 955 iunc,inquit‚
699 909 755 957 quae
772 896 888 945 enarrant
906 895 1009 955 gloriam
1026 895 1088 954 Dei,
1107 907 1161 955 quae
1177 895 1232 954 ple-

149 965 184 1013 sol
200 966 374 1024 obscurabitur,
390 969 413 1014 et
428 967 487 1014 tuno
499 977 549 1012 uos
562 965 626 1023 dubit
640 965 677 1014 tu·
699 962 768 1011 niore
779 962 867 1009 Ctvristi
878 961 1001 1010 infusione
1012 963 1170 1019 moveantur,
1181 961 1233 1008 vir-

149 1045 203 1081 uscn
219 1047 305 1092 mum,
325 1035 433 1083 cistelle
450 1035 540 1081 cudent.
560 1031 676 1080 Plurimis
699 1030 766 1079 tutes
776 1030 916 1092 spiritales,
931 1042 986 1090 quae
1003 1028 1088 1077 vident
1099 1029 1230 1077 Christum.

149 1100 216 1148 euim
233 1100 385 1161 irreligione
405 1099 593 1159 deficientibus,
611 1099 676 1146 clara
699 1099 788 1147 Docuit
809 1111 853 1146 nos
870 1097 951 1147 David
967 1097 1175 1159 quemadmodum
1192 1097 1231 1144 hee

148 1168 209 1216 tides
223 1170 392 1218 obscurabitur
402 1169 470 1215 nube
484 1167 607 1228 pertidias3
618 1167 677 1226 quia
699 1168 847 1218 moveantur
866 1167 987 1228 virtutes,
1002 1167 1088 1214 dicens
1104 1179 1111 1212 ι
1127 1166 1232 1214 Acccdfte

148 1237 211 1284 mihi
228 1238 264 1286 sol
274 1238 318 1286 ille
328 1237 435 1285 coelestis
445 1247 501 1296 mea
515 1235 563 1282 tide
578 1235 618 1283 vel
628 1234 677 1280 mi·
700 1239 731 1284 ad
741 1251 794 1285 eum
799 1268 809 1294 ,
824 1239 847 1284 ct
861 1237 1040 1284 illuminamini.
1056 1234 1145 1282 Docuit
1156 1234 1232 1282 eiiam

147 1305 247 1362 unitur,
257 1306 299 1353 vel
309 1305 422 1364 augetur.
437 1302 646 1361 Quemadmodum
655 1301 677 1351 sl
699 1303 1230 1365 Paulusquemadmodumchristumvideas3

147 1372 335 1432 plurimiradios
342 1371 461 1420 mundani
467 1370 676 1430 solisadspiciant,
700 1385 757 1421 cum
771 1371 840 1420 enim
856 1384 988 1420 conversus
1003 1372 1084 1421 fueris
1100 1373 1132 1418 ed
1145 1372 1232 1418 Domi-

148 1452 193 1500 pro
204 1440 280 1504 ¹captu
289 1439 396 1488 videntis
410 1439 454 1487 snt
464 1438 577 1499 pallidior
587 1439 624 1485 sot
639 1438 676 1486 vi·
699 1453 773 1502 num,
782 1441 894 1492 aufertur
901 1441 1028 1501 velamen,
1038 1441 1064 1489 et
1071 1439 1140 1490 vides
1148 1439 1231 1488 Chris-

148 1507 235 1568 detur,
246 1507 289 1555 eut
298 1507 386 1556 clarior
404 1520 411 1554 s
430 1507 466 1554 ita
482 1519 527 1568 pro
545 1506 675 1555 devotione
699 1509 781 1558 tum.'

148 1576 271 1625 credentis
281 1575 415 1636 unicunque
423 1575 533 1635 spiritale
543 1575 629 1623 lumen
636 1575 676 1622 in·
723 1574 763 1626 tn.
774 1577 848 1628 Vides
856 1577 927 1627 illum
936 1577 962 1626 in
970 1577 1088 1626 nubibus.
1097 1577 1150 1624 Nou
1158 1578 1230 1637 equi-

147 1645 268 1695 funditur.
282 1647 313 1695 Et
322 1644 528 1706 quemadmodum
541 1644 675 1692 menstruis
699 1646 757 1694 dem
767 1647 941 1708 putoquodin
952 1647 1057 1707 caligine
1067 1646 1230 1695 tenebrescet

148 1715 260 1762 cursibus
273 1715 334 1762 luna
346 1714 387 1761 vel
401 1713 475 1762 terras
491 1712 604 1773 oppositu
619 1720 674 1761 cuin
698 1715 799 1766 horrore
807 1717 912 1778 pluviali
922 1717 1032 1765 chrislus
1041 1715 1171 1774 adveniat3
1182 1728 1230 1762 nu-

147 1783 222 1831 fuerit
239 1795 253 1831 e
265 1783 365 1844 regions
375 1783 447 1841 solis,
463 1783 574 1832 vanescit
585 1794 592 1828 s
603 1782 675 1831 sicet
698 1786 742 1833 bes
753 1786 821 1833 enim
831 1785 928 1846 quando
939 1785 1068 1845 videntur,
1080 1785 1169 1833 coelum
1179 1784 1230 1830 nli·

147 1853 229 1900 sancte
248 1853 370 1912 Ecclesia,
391 1863 450 1898 cum
469 1850 561 1897 lumini
579 1851 674 1898 coelesti
699 1866 746 1912 que
767 1853 883 1913 caliganti
905 1853 1006 1900 horrore
1028 1851 1171 1899 subtexunt.
1199 1853 1229 1897 Ei

147 1919 208 1968 vitia
226 1921 307 1968 carnis
323 1919 455 1977 obsistunt,
473 1917 579 1978 fulgores
596 1918 675 1966 divini
698 1921 820 1980 quomodo
837 1922 864 1968 in
880 1921 931 1968 sole
947 1919 1030 1979 posuit
1042 1918 1230 1966 tabernaculum

147 1988 248 2035 luminis
256 1987 287 2034 ds
294 1986 384 2034 Christi
390 1986 467 2032 radiis
474 1997 523 2032 non
533 1984 612 2045 potest
621 1997 675 2033 mu·
699 1999 785 2048 suum,
796 1988 818 2035 si
828 1987 945 2048 pluvialis
956 1987 1004 2034 erit
1014 1986 1068 2044 ejus
1077 1985 1213 2034 adventus?

146 2056 221 2102 tueri.
237 2056 297 2102 Nam
317 2054 344 2101 in
364 2053 575 2113 persecutionibus
592 2052 675 2101 lucem
728 2051 768 2101 te.
790 2055 838 2103 Sed
855 2055 911 2103 sunt
929 2054 1009 2102 nuhes
1026 2066 1097 2113 qnae,
1117 2054 1175 2112 quia
1193 2055 1228 2101 sic

147 2123 195 2171 Dei
206 2124 272 2171 solus
288 2122 432 2182 plerumque
445 2132 514 2170 amor
529 2121 587 2171 vitae
601 2120 675 2181 hujus
698 2123 804 2182 oporiet,
812 2123 920 2171 coelestis
929 2122 1051 2170 obtexunt
1059 2122 1170 2182 mysterii
1178 2123 1229 2170 cta-

147 2192 268 2240 excludIt.
698 2191 796 2240 ritatem
812 2205 820 2239 t
837 2192 896 2239 sunt
907 2191 985 2239 nubes
1000 2204 1055 2252 quae
1072 2204 1127 2238 rore
1142 2193 1227 2250 gratiae

176 2260 215 2309 58.
234 2261 310 2310 sntio
322 2260 419 2318 cudent,
436 2257 474 2307 illi
489 2258 574 2320 utique
589 2269 674 2308 resur·
697 2259 815 2319 spiritalis
833 2259 987 2308 humescant.
1009 2258 1113 2318 Adspice
1135 2260 1228 2307 nubem

147 2329 262 2378 rectionis
276 2328 411 2390 glorinjam
426 2328 559 2387 micantes,
575 2328 612 2376 itti
624 2328 672 2377 viri
693 2322 814 2377 'inretori
828 2327 983 2375 testamento
995 2340 1002 2372 t
1013 2329 1042 2375 fu
1053 2327 1174 2385 columna,
1190 2327 1229 2375 iu-

147 2398 210 2446 sicnt
219 2398 351 2447 luminaria
363 2397 389 2445 in
400 2397 490 2445 saeculo
500 2396 604 2444 verbum
615 2395 673 2444 vite
696 2395 766 2457 quit,
776 2397 845 2444 nubis
855 2397 992 2457 loquebatur
1001 2398 1031 2443 ud
1043 2409 1090 2443 eos.
1102 2396 1149 2442 Per
1162 2397 1228 2456 bloy-

147 2466 360 2525 continentes,illi
368 2465 417 2513 viri
425 2465 456 2512 de
469 2464 559 2525 quihus
570 2464 673 2510 hbrehae
697 2479 741 2514 seu
751 2467 837 2525 utique
844 2466 1000 2526 loquebatur,
1008 2466 1143 2524 pertesum
1151 2466 1227 2524 Nave,
1274 2482 1282 2496 ¹

147 2535 241 2583 dictum
253 2535 304 2594 est,
315 2535 374 2594 quia
384 2531 448 2580 sient
460 2532 548 2579 coetum
559 2531 638 2589 fulget
648 2532 674 2580 et
697 2531 740 2592 qui
752 2533 829 2580 solem
839 2531 940 2588 statuit,
955 2532 983 2577 ut
999 2531 1118 2589 plenioris
1128 2531 1229 2579 luminis

146 2602 238 2660 stelles,
249 2603 284 2650 sic
292 2603 319 2650 st
326 2612 411 2648 semen
419 2599 481 2656 ejus.
489 2599 608 2645 Excident
617 2610 674 2656 ergo
698 2598 821 2658 acciperet
829 2599 974 2645 claritatem.
984 2600 1044 2656 Ergo
1052 2599 1146 2656 hloyses
1155 2600 1229 2647 ette-

146 2667 287 2716 homiuibus
303 2665 463 2727 patriarche,
484 2663 601 2711 excident
618 2675 675 2722 pro-
697 2678 739 2713 sus
746 2666 824 2713 nubes
834 2666 902 2711 sunt.
914 2665 1018 2724 Adspice
1027 2665 1086 2723 quia
1094 2665 1141 2713 viri
1150 2670 1229 2714 sancii

147 2736 243 2796 phetae,
259 2734 281 2783 si
290 2732 469 2795 persecutionis
483 2730 605 2779 acerbitas
616 2744 675 2779 con·
697 2731 775 2780 nubes
785 2732 855 2790 sunt,
871 2733 915 2792 qui
926 2733 991 2781 sicut
1001 2731 1082 2780 nubes
1095 2733 1190 2793 volant,
1202 2737 1229 2782 et

145 2804 255 2854 valescat
265 2816 273 2851 c
283 2815 339 2863 queo
352 2800 448 2862 oportet
462 2800 530 2860 fieri,
541 2799 619 2852 donec
629 2803 674 2848 Ec-
697 2801 768 2861 quasi
786 2801 904 2848 columbae
918 2813 974 2847 cum
991 2800 1076 2860 pultis.
1093 2801 1172 2861 Super
1187 2816 1227 2849 me

146 2868 674 2930 clesiseinomnibusvirtutum,insingulis
697 2869 775 2916 nubes
785 2869 946 2928 suntEsaies,
963 2868 1091 2928 Ezechiel,
1107 2870 1150 2929 qui
1164 2872 1228 2918 mihi

146 2939 273 3001 plenitudo
284 2938 436 2997 cumuletur3
448 2937 483 2986 sic
494 2937 560 2985 enim
571 2940 674 2997 proban·
698 2948 743 2995 per
753 2936 885 2985 Cherubim
897 2937 922 2984 et
932 2937 1060 2996 Seraphim
1071 2939 1225 2986 sanctitatem

146 3011 188 3059 tur
203 3009 276 3068 boni,
294 3008 330 3056 sic
344 3007 481 3067 produntur
496 3006 596 3054 infirmi.
612 3009 673 3065 Ergo
697 3005 788 3054 divinas
796 3005 923 3053 ‘trinitatis
931 3006 1071 3054 ostendunt.
1083 3008 1163 3054 Nubes
1170 3011 1226 3055 sunt

147 3077 209 3126 surii
219 3078 356 3125 animorum
364 3075 438 3125 aestus
447 3075 482 3123 ita
492 3086 578 3134 mares
586 3075 671 3134 emnt,
697 3084 781 3121 omnes
791 3073 917 3133 prophete
928 3085 935 3120 :
948 3076 974 3120 in
985 3074 1025 3121 his
1039 3074 1147 3122 niihibns
1157 3077 1226 3123 vonit

123 3180 128 3187 -
147 3147 177 3195 ut
191 3146 337 3195 delictorum
351 3144 509 3193 multitudiue
528 3144 593 3192 male
605 3155 673 3192 con·
697 3142 814 3190 Christus.
826 3142 935 3190 venitin
945 3143 1011 3190 nube
1022 3143 1226 3191 incanticiscan-

146 3208 217 3274 scits,
226 3213 396 3273 futurijndicii
406 3214 486 3271 metu,
496 3212 558 3261 sacri
569 3212 595 3258 in
603 3212 673 3259 nohis
696 3210 815 3269 cicorum,
826 3222 912 3258 serena
924 3212 1006 3269 nube,
1018 3212 1044 3258 et
1054 3211 1140 3271 sponsi
1149 3212 1225 3260 reful-

146 3282 273 3333 rosfontis
286 3281 394 3342 arescatt
409 3279 540 3329 aretenim
555 3280 672 3342 pertidia,
696 3291 756 3336 gens
777 3279 872 3327 laetitia.
896 3274 972 3327 Venit
993 3279 1062 3326 etin
1085 3280 1151 3326 nube
1175 3281 1226 3328 levi

145 3350 208 3400 tides
220 3350 295 3400 roret.
697 3346 835 3394 incarnatus
845 3359 879 3394 ex
888 3345 1003 3406 Virgine3
1014 3346 1079 3395 vidit
1091 3348 1157 3393 enim
1169 3349 1226 3394 Pro·

696 3414 771 3472 pheta
788 3414 852 3462 sicut
866 3414 958 3460 unbem
974 3413 1060 3462 venire
1073 3415 1103 3460 ah
1120 3415 1225 3463 oriente.

146 3471 267 3563 vomit:
277 3470 673 3565 {Ymstffiffitffiffi'ffiss
696 3482 725 3528 Et
735 3482 799 3529 bene
809 3482 891 3530 levem
902 3482 994 3530 nubem
1004 3481 1069 3528 dixit
1075 3515 1083 3543 ,
1095 3495 1167 3541 quam
1176 3483 1226 3528 ter·

130 3561 135 3567 ·
169 3550 432 3616 „mmmmm
696 3549 1223 3608 renavitianongravarent.Videnuhem‚
1248 3605 1250 3613 y

158 3644 161 3651 ·
697 3617 723 3662 in
731 3629 804 3676 quam
812 3617 917 3675 Spiritus
925 3619 1022 3664 sauctus
1029 3615 1186 3675 supervenit,
1201 3622 1225 3664 ei

177 3680 218 3731 59.
234 3678 344 3727 Fortasse
353 3679 560 3741 quemadmodum
574 3680 672 3727 Domini
696 3681 775 3729 virtus
782 3683 900 3729 ditissimi
911 3682 1075 3729 obumbravit.

147 3747 674 3809 exspeetstmsdveutns3utejnsprassentia
726 3744 766 3793 1⁸5.
786 3748 845 3794 cum
859 3760 916 3806 ergo
928 3748 1069 3808 apparuerit
1079 3747 1188 3798 Christus
1199 3751 1225 3800 in

100 3812 113 3849 ’·
148 3813 672 3874 tntotottatvelhominisorbevelmundi,
698 3815 820 3874 nubibus,
842 3816 973 3863 concident
991 3826 1018 3861 se
1033 3814 1120 3862 Tribus
1136 3816 1221 3880 terrae3

146 3898 202 3951 ῳ
215 3884 244 3935 sc
253 3883 341 3945 uthne
354 3882 381 3933 in
393 3882 509 3943 singulis,
526 3896 581 3931 cum
596 3883 673 3931 omni·
697 3885 735 3932 cst
746 3885 811 3932 euim
821 3884 920 3944 quidam
931 3885 989 3933 ordo
998 3884 1143 3944 criminum,
1153 3888 1223 3935 etse-

146 3952 327 4007 lsnsadsciibns
335 3952 476 4013 receperint
485 3952 605 4001 christum
618 3965 625 3999 z
637 3953 671 4002 sic
697 3953 746 4000 rios
754 3953 908 4013 peccatorum
917 3986 925 4014 ,
934 3967 988 4014 quse
996 3953 1085 4002 Christi
1094 3953 1223 4005 diruuntur

101 4040 105 4049 ·
146 4018 671 4133 mvtgntescoelorumsdventubomini
697 4023 814 4074 adventu.

358 4109 362 4115 ·
1088 4088 1100 4128 s
