2752 4814
133 413 181 461 158
199 414 202 419 “
517 406 643 454 studui
661 403 824 450 ssBBOSil

133 494 233 544 creandi
244 492 325 541 studio
336 492 362 540 ct
371 490 471 549 sobole,
482 490 522 537 vel
533 488 609 536 etiam
619 498 662 548 ge-
688 483 827 532 communis
834 481 912 542 essct,
924 479 1025 530 etterra
1033 477 1101 528 toret
1107 479 1224 528 omnium

134 563 274 612 nerantium
289 572 384 617 amore,
393 558 455 620 quid
465 558 565 618 loquar,
577 556 604 603 in
613 567 662 616 quo
686 553 799 612 quadam
814 549 953 599 communis
962 548 1094 610 possessio.
1111 549 1223 594 Nauuus

30 637 33 641 ’
134 633 173 680 est
184 632 259 678 imma
271 629 376 689 justitiae
385 624 525 687 praeeipuat
687 632 780 669 ιοιτοι
794 621 835 680 jus
851 631 980 666 commune
996 615 1141 677 generavit,
1151 628 1223 663 usur·

166 701 220 747 litl.
235 700 324 758 Liquet
333 699 409 756 igitur
419 698 445 743 et
452 697 512 754 bas,
522 695 547 741 et
555 693 663 753 reliquas
687 691 755 750 patio
770 690 813 748 ius
826 688 886 736 iecit
898 688 1034 748 privatum.
1051 686 1108 744 Quo
1124 688 1152 733 in
1168 686 1222 734 loco

135 771 248 830 cognatas
258 768 306 814 sibi
317 766 492 814 essevirtutes.
501 763 628 824 Siquidem
637 765 663 808 et
687 760 758 806 aiunt
779 758 901 817 placuisse
912 756 1014 816 Stoicis,
1028 768 1086 816 qun
1102 755 1131 802 in
1147 754 1223 802 terris

135 837 251 885 tortitudo
262 835 367 896 quaeret
378 834 477 881 inbelle
489 835 574 880 tuetur
584 844 598 877 a
609 831 663 876 bar·
687 829 829 887 gignantur,
850 825 932 872 omnia
955 825 986 872 ad
1009 836 1070 872 usus
1091 823 1222 871 bominum

134 905 202 953 baris
210 904 328 966 patriam,
341 903 381 950 rel
396 903 462 949 domi
473 899 586 949 detendit
595 897 664 944 intir-
688 897 766 944 creari
775 911 782 942 z
792 895 904 943 homines
913 896 997 942 autern
1008 893 1139 941 boninum
1147 904 1222 939 causa

135 987 200 1035 mos,
211 975 252 1024 vel
262 985 276 1021 a
287 973 422 1020 latronibus
436 971 529 1028 socios,
544 969 617 1030 plena
630 967 663 1013 sit
688 976 741 1010 esse
753 967 894 1022 generatos3
905 963 933 1009 ut
941 961 990 1022 lpsl
997 961 1064 1008 luter
1072 971 1101 1008 se
1112 960 1170 1008 aliis
1178 960 1221 1008 alii

133 1043 363 1104 iustitiaeaetscire
375 1053 423 1101 quo
434 1038 535 1087 consilio
546 1035 662 1084 deiendat
688 1031 803 1092 prodesse
814 1030 917 1090 possint.
1224 1034 1226 1039 ·

133 1114 208 1173 atque
217 1111 327 1170 adiuvet,
335 1111 432 1169 captare
441 1108 516 1154 etiam
524 1109 663 1165 temporum
720 1100 773 1147 135.
785 1098 854 1146 Unde
865 1099 912 1145 boc
919 1130 928 1157 ‚
935 1097 985 1144 nisi
993 1093 1025 1143 dc
1035 1093 1129 1142 nostris
1138 1093 1224 1154 Serip-

134 1182 161 1228 et
178 1181 287 1228 locorrun
301 1177 510 1239 opportunitates,
525 1173 663 1241 prudentia
686 1170 752 1241 turis
768 1168 903 1215 dicendam
922 1163 1112 1214 adsumserunt?
1130 1165 1224 1224 lioyses

135 1261 165 1297 ac
179 1248 354 1307 modestith
365 1259 372 1290 ε
385 1247 411 1290 et
429 1244 592 1301 temperantia
610 1242 664 1298 ipsa
689 1237 756 1283 euim
767 1235 878 1295 scripsit,
889 1235 948 1295 quia
958 1232 1024 1281 dixit
1035 1233 1105 1281 Deus
1117 1245 1125 1278 a
1136 1234 1224 1280 Focu-
1272 1261 1273 1264 =

135 1304 328 1376 slncprdffla
337 1312 436 1359 modurn
444 1306 668 1369 scirenonpossit:¹
688 1320 741 1354 mes
757 1306 875 1352 bominem
890 1305 921 1350 od
936 1304 1064 1363 imaginem
1075 1305 1185 1351 nostrum
1202 1305 1223 1350 cl

136 1382 344 1446 opportunitatem
354 1392 469 1438 noscere,
488 1379 514 1425 et
527 1376 664 1424 secuudum
688 1376 814 1423 ecculm
823 1373 1009 1429 similitudinem
1018 1371 1136 1419 “tabent
1145 1373 1223 1433 potee-

136 1452 277 1500 umbram
288 1450 404 1508 reddere,
419 1449 451 1495 sit
467 1446 569 1505 justitiae
581 1458 588 1490 ε
601 1445 627 1490 et
637 1443 664 1488 in
690 1447 761 1491 lolem
776 1445 872 1504 pluium
882 1443 972 1499 moris,
981 1444 1003 1489 ct
1012 1441 1146 1488 solsititium
1157 1441 1222 1500 cult,

136 1521 251 1568 omuibus
261 1519 315 1566 istis
330 1516 517 1577 magnanimitas
527 1512 664 1561 necessaria
689 1515 711 1559 et
724 1525 833 1572 pecorum
840 1545 849 1569 ,
859 1514 882 1558 ct
895 1512 1001 1558 omnim
1010 1511 1143 1570 repentium
1153 1523 1221 1570 sum

137 1591 185 1648 sit,
196 1591 221 1636 et
236 1588 348 1648 quaedam
362 1585 479 1633 tortitudo
495 1584 597 1642 mentis,
612 1582 666 1641 ple·
690 1584 787 1628 ter-ram
798 1582 827 1628 llt
836 1580 917 1627 David
933 1579 969 1625 ait
979 1590 986 1624 τ
998 1579 1087 1626 omniu
1100 1578 1221 1637 ,snbjeu'sli

137 1670 241 1718 rumque
252 1659 278 1704 et
285 1656 407 1716 corporis3
419 1657 448 1702 ut
457 1655 514 1716 quis
521 1652 586 1714 quod
593 1651 664 1711 veut,
690 1651 733 1698 suo
742 1651 835 1712 pedibus
845 1652 895 1706 cius
902 1682 911 1707 ,
918 1662 969 1697 osca
976 1651 998 1695 ct
1009 1647 1076 1696 bosea
1087 1650 1222 1706 salem,

137 1728 214 1790 possit
225 1727 339 1789 implere.
690 1721 785 1779 insuper
799 1722 820 1766 ct
828 1731 913 1780 pecora
925 1718 1003 1776 compi
1013 1730 1022 1762 .·
1033 1716 1143 1764 uolucres
1158 1717 1221 1772 cell,

366 1817 446 1828 -—-
691 1784 1223 1849 etpisccsmeris.brgoonaniasubjeetaesse

692 1858 786 1904 bomini
803 1857 834 1904 de
848 1855 937 1902 nostris
951 1853 1110 1914 didicerunt,
1127 1854 1153 1900 et
1168 1853 1223 1900 ideo

254 1900 381 1954 CAPUT
399 1898 543 1950 xxm
692 1926 793 1973 censent
809 1925 909 1986 propter
924 1922 1051 1970 bominem
1070 1934 1127 1969 csse
1148 1934 1224 1982 gene-

139 2011 265 2051 socierum
276 2013 371 2048 constare
385 2009 499 2056 justitiari
512 2005 665 2044 bmcfioenus:
692 1997 753 2042 nte.

160 2067 220 2103 uum
226 2068 295 2113 prrs-
303 2064 466 2101 susurnam
476 2067 496 2100 el
505 2062 611 2109 pravarum
623 2070 667 2107 rw
722 2062 775 2110 ibt.
787 2062 916 2109 llominem
927 2059 1143 2120 quoqucbornluls
1151 2071 1221 2106 causa

160 2120 269 2208 fflnff
278 2115 579 2207 ssercfflmfflffmnffissffff
588 2114 667 2204 affl
692 2135 834 2193 generatum
845 2145 898 2180 esse
909 2132 936 2178 in
952 2130 1025 2178 libris
1037 2130 1114 2190 Moysi
1126 2130 1220 2189 reperi-

161 2223 241 2261 snxllio
251 2222 340 2259 tradunt
350 2222 426 2263 Stoici,
437 2222 478 2258 boc
488 2230 542 2257 cose
552 2218 668 2266 Scripturis
692 2203 870 2261 111111,1111111111
886 2201 1118 2249 11011111101111111111
1134 2199 1220 2246 mum

162 2278 342 2315 ucrnmuruaros
348 2274 593 2321 monacensem&
599 2273 667 2320 splen.
692 2284 738 2317 csse
749 2271 865 2317 bominem
873 2271 962 2326 solum,
972 2269 1088 2328 fumantes
1098 2267 1219 2325 elaejuto-

160 2331 208 2376 ior·
217 2333 238 2367 ⁶¹
249 2330 343 2406 ‚migne
357 2329 437 2376 ‘ursi
449 2337 555 2366 we
568 2327 595 2364 *l
607 2327 665 2364 Μ
692 2341 753 2385 riam
768 2340 842 2387 simtu
856 2339 908 2386 sue
926 2337 1144 2395 losannensem
1159 2347 1220 2394 ergo

161 2382 302 2431 premant.
691 2408 781 2454 mulier
794 2407 850 2454 data
866 2408 904 2454 est
920 2406 988 2466 viro,
1003 2419 1059 2465 qua
1075 2404 1219 2464 generaret3

168 2474 223 2522 lto.
248 2474 365 2522 lusum-ra
385 2471 461 2531 igilur
476 2471 508 2518 ad
524 2471 665 2518 societatem
692 2476 802 2523 utbomo
813 2475 906 2522 bomini
922 2474 1064 2533 adjumento
1083 2473 1156 2520 toret.
1173 2472 1220 2518 De-

72 2567 76 2576 ·
138 2543 236 2603 generis
246 2542 399 2600 humani,et
417 2540 448 2588 ad
464 2541 665 2587 communitatem
691 2545 766 2603 nique
790 2546 920 2602 antequam
943 2543 1034 2589 mulier
1054 2541 1219 2596 formaretur,

138 2611 253 2659 retertur.
266 2610 392 2657 Societatis
400 2611 467 2657 enim
475 2610 537 2656 ratio
546 2610 667 2656 dividitur
692 2613 786 2659 dictum
797 2615 834 2659 est
845 2613 875 2659 de
891 2613 967 2658 Adam
979 2624 985 2656 a
998 2613 1054 2658 Il'ou
1066 2613 1101 2658 est
1117 2611 1219 2656 inventus

139 2683 165 2726 in
176 2680 236 2727 duas
246 2681 341 2739 partes,
352 2679 472 2736 justitiam
488 2680 514 2726 et
526 2678 666 2725 beneficen-
692 2684 785 2742 adjutor
802 2684 883 2730 similis
901 2682 954 2741 illi,·
968 2679 1141 2737 adjumentum
1156 2675 1219 2723 euim

138 2750 213 2806 tiam,
229 2761 302 2807 quarn
320 2748 431 2793 eamdem
451 2747 625 2793 liberalitatem
641 2748 667 2794 et
692 2750 764 2797 homo
774 2751 823 2797 nisi
834 2751 865 2797 de
876 2750 975 2796 bomine
986 2749 1080 2794 babere
1092 2759 1142 2793 uon
1154 2745 1221 2804 pole

138 2816 317 2873 benignitatem
328 2816 416 2861 vocant
428 2828 434 2858 z
445 2814 539 2870 justitia
550 2815 612 2861 milri
624 2828 666 2861 ex·
691 2821 737 2867 rat.
758 2821 795 2865 Ex
818 2819 931 2866 omnibus
956 2818 1033 2876 igitur
1054 2814 1220 2862 animantibus

139 2885 228 2930 celsior
237 2883 351 2941 videtur,
362 2883 498 2929 liberalitas
507 2884 614 2940 gratior:
624 2886 665 2931 illa
692 2889 786 2935 nullum
805 2889 894 2934 animal
909 2886 1004 2944 simile,
1020 2884 1047 2931 et
1065 2885 1096 2930 ut
1112 2883 1220 2930 absolute

138 2964 266 3000 censuram
278 2952 359 3010 tenet,
371 2951 418 2998 ista
429 2952 573 3000 bonitatem.
692 2957 816 3015 dicamus,
825 2957 905 3002 nullus
914 2954 1011 3011 adjutor
1018 2952 1129 2999 bominis
1138 2953 1219 2998 iuven·

169 3019 222 3065 tol.
236 3020 283 3066 Sed
297 3020 403 3078 primum
419 3021 667 3081 ipsumquodputant
692 3027 731 3072 tus
743 3025 781 3071 est
792 3037 799 3073 :
811 3024 939 3071 muliebris
951 3023 1028 3082 igitur
1038 3033 1117 3069 sexus
1126 3021 1219 3078 adjutor
1282 3077 1286 3087 Ι

139 3087 278 3148 philosophi
299 3087 400 3144 justitiae
419 3101 522 3148 munus,
540 3092 605 3148 apud
622 3105 667 3139 nos
691 3094 888 3151 exspectabatur.

140 3155 290 3202 excluditur.
306 3156 398 3202 Dicunt
412 3157 480 3202 enim
496 3157 533 3203 illi
549 3170 604 3204 eam
615 3161 666 3218 pri·
723 3165 775 3209 155.
803 3164 864 3220 Ergo
885 3160 1022 3208 secundum
1040 3159 1089 3206 Ilei
1111 3159 1223 3206 voluuta-

139 3234 205 3269 mam
219 3236 272 3270 esse
286 3224 387 3281 iustitiae
403 3223 518 3282 tonnam,
529 3226 557 3272 ut
572 3228 666 3274 nemini
692 3232 756 3288 tem,
765 3232 805 3278 vel
816 3231 910 3276 naturae
922 3228 1171 3287 copulam,iuvicem
1181 3241 1223 3274 no·

139 3293 195 3350 quis
203 3292 351 3352 noceat,nisi
359 3292 666 3354 lacessitusinjuriatquod
692 3299 729 3345 bis
740 3311 793 3344 esse
810 3297 904 3343 auxilio
916 3297 1048 3354 debemus,
1060 3297 1161 3342 certare
1173 3294 1223 3341 otd-

140 3360 266 3419 Evangelii
288 3360 436 3408 auctoritate
459 3362 591 3422 vacuatur3
613 3366 666 3411 vult
692 3367 756 3424 ciis,
774 3366 886 3412 velutin
902 3365 984 3411 medio
999 3375 1086 3411 omnes
1103 3364 1224 3411 utilitates

140 3428 358 3489 enimScriptura,
369 3430 437 3476 utsit
448 3429 667 3490 innobisspiritus
691 3448 797 3494 ponere,
814 3436 840 3481 et
857 3437 885 3480 ut
903 3435 979 3479 verbo
999 3433 1138 3492 Scripturae
1158 3434 1224 3490 utar,

139 3498 196 3544 iiiii
207 3498 328 3557 bominis,
347 3499 391 3557 qui
410 3499 479 3544 venit
488 3499 667 3560 conterregra-
692 3504 860 3562 adjumentum
872 3501 938 3548 terre
949 3503 1113 3562 alteralteri,
1124 3504 1165 3550 vel
1177 3504 1224 3551 stu·

138 3567 213 3626 tiam,
223 3580 273 3614 nun
283 3567 374 3636 inferre
387 3566 513 3625 injuriam.
693 3571 745 3630 dio,
756 3572 796 3617 vel
807 3570 902 3629 oilleio,
911 3572 952 3617 vel
963 3571 1084 3629 pecunia,
1094 3572 1137 3618 vel
1146 3572 1226 3631 operi·

170 3636 223 3685 ¹52.
234 3637 328 3684 Deinde
338 3636 440 3683 sormam
449 3637 551 3695 jusuuae
561 3640 667 3699 putave-
692 3640 751 3697 bus,
762 3640 801 3685 vel
820 3638 934 3697 quolibet
949 3641 1037 3698 mod03
1051 3640 1082 3685 ut
1097 3638 1167 3686 iuter
1184 3653 1226 3688 nos

139 3706 210 3766 runt,
225 3708 252 3754 ut
267 3708 323 3767 quis
338 3707 488 3767 communia,
509 3709 535 3754 id
550 3712 601 3768 est,
620 3724 667 3769 pu·
692 3708 1226 3768 societatisaugeaturgratia.Necquisquam

139 3771 203 3819 blica
219 3787 263 3832 pro
279 3775 385 3834 publicis
401 3776 505 3836 habeat,
516 3777 613 3836 privata
623 3791 666 3837 pro
692 3779 722 3824 ab
733 3777 812 3823 ottlcio
830 3777 870 3824 vel
892 3776 997 3836 periculi
1015 3778 1112 3823 terrore
1124 3789 1228 3825 revoce-

139 3839 200 3886 suis.
218 3842 253 3887 ite
265 3842 312 3890 boc
330 3843 430 3903 quidem
445 3845 580 3891 secuudum
595 3848 667 3892 natu·
692 3849 732 3892 tur
744 3859 751 3891 2
764 3846 807 3892 sed
817 3845 898 3892 omnia
909 3858 953 3892 sua
965 3846 1054 3906 ducat,
1066 3846 1110 3893 vel
1122 3846 1227 3894 adversa

139 3917 206 3965 ram3
221 3910 309 3956 natura
327 3912 392 3958 enim
410 3912 492 3959 omnia
510 3912 625 3958 omnibus
641 3912 667 3959 in
692 3915 732 3961 vel
746 3926 870 3973 prospera.
886 3914 1001 3974 Denique
1019 3915 1123 3961 sanctus
1134 3917 1230 3976 Moyses

140 3984 269 4024 commune
283 3978 401 4037 protudit.
413 3981 453 4028 Sic
465 3981 533 4027 enim
550 3981 667 4041 Deusge·
692 3994 736 4041 pro
746 3983 837 4041 populo
847 3982 932 4042 patrias
943 3983 1009 4029 bella
1024 3981 1157 4041 suscipere
1176 3997 1231 4044 grs-

140 4044 224 4115 nerari
238 4045 311 4102 jussit
321 4049 402 4095 omnia
422 4050 451 4095 nt
461 4050 544 4110 pastus
554 4050 667 4098 omuibus
693 4051 732 4098 via
743 4063 791 4098 uon
801 4051 985 4112 reformidavit,
999 4063 1046 4100 nec
1056 4053 1126 4112 regis
1137 4055 1231 4114 polen-

14 4414 141 4533 Κ
