2752 4814
247 386 249 390 ,
301 404 344 450 DE
358 405 506 450 osricus
524 404 889 456 alumnumalumnum
907 391 961 450 111.
1122 403 1169 452 205

83 486 174 547 utique
184 487 227 535 lex
238 486 332 536 naturae
344 489 396 546 est,
407 501 461 548 quae
471 487 554 535 nosad
564 499 617 534 om·
643 487 734 545 triunt,
751 487 776 535 et
790 499 848 537 aves
863 489 920 537 cibe
930 493 975 537 su'o
989 489 1071 548 pullos
1080 488 1171 536 satiant

87 565 145 602 neni
162 555 294 616 adstringit
304 556 495 613 humanitatem,
510 555 540 602 nt
554 553 617 600 alter
640 569 696 604 suos
709 570 715 602 :
728 556 822 603 bomini
832 559 916 606 antem
931 557 978 606 soii
988 558 1108 605 tributum
1119 559 1170 616 est,

88 623 161 670 alteri
173 624 303 683 tamquam
320 625 393 672 unius
410 624 492 684 partes
510 622 616 681 corporis
640 626 668 672 nt
683 637 767 672 omnes
777 625 902 686 tamquam
917 639 973 674 suos
982 627 1075 686 paseat.
1090 626 1170 673 Debet

88 690 196 740 invicem
209 692 357 742 deteramus.
372 695 421 741 llcc
437 692 616 741 detrahendum
640 693 706 740 istud
715 694 768 753 ipso
775 694 939 751 naturaejnre.
947 695 1016 753 Quod
1023 694 1043 741 si
1053 706 1101 740 non
1109 693 1170 740 licet

90 760 616 827 guidquamputernus,cumcontranaturaa
640 762 778 820 nondare,
800 763 920 822 quomodo
941 763 1071 810 detrahere
1092 758 1171 809 licet!

88 826 364 887 legemsitnonjururo.
374 828 617 878 Sicenimnascimnr
640 831 689 878 Nee
705 831 764 891 ipsse
773 832 841 891 leges
851 843 895 879 nos
911 832 999 879 docent
1015 845 1044 879 ea
1055 844 1110 892 qum
1124 830 1170 879 de·

88 895 116 942 ut
128 897 279 945 consentiant
288 897 536 956 membramembris,
548 896 574 943 et
582 895 617 942 al·
640 900 718 948 tracta
726 900 782 949 sunl
794 900 868 948 alicui
876 913 933 948 cum
944 901 1034 959 injuria
1043 912 1169 961 personae,

88 963 168 1012 terum
179 966 250 1014 alteri
261 967 398 1025 adbaereat,
410 967 436 1014 ot
450 964 617 1024 obsequantur
641 969 684 1016 aut
698 970 735 1016 rei
752 969 830 1029 ipsius
841 970 941 1016 cumulo
954 969 1053 1016 restitui
1065 969 1167 1027 jubent3

89 1032 137 1080 sibi
152 1034 237 1081 mutuo
255 1033 401 1082 ministerio.
415 1034 485 1092 Quod
500 1034 521 1082 si
539 1045 615 1080 uuum
640 1051 688 1097 qno
699 1038 977 1095 iuremadetrabendo‚
988 1037 1117 1097 autpoeuis
1127 1038 1170 1086 de·

85 1099 152 1148 ,desii
161 1102 242 1150 uiticio
256 1115 314 1162 suo,
326 1102 492 1162 impediantur
508 1101 615 1149 caetera:
641 1106 764 1166 terreant,
777 1108 819 1155 aut
829 1109 907 1154 multa
917 1107 1045 1154 revocent,
1078 1135 1080 1145 ,

88 1172 116 1219 ut
130 1171 150 1220 si
164 1173 235 1220 eruat
244 1174 342 1224 oculum
357 1185 459 1231 manus,
475 1183 557 1219 nonne
568 1170 616 1218 sibi
657 1174 710 1222 ab.
728 1177 792 1223 Pone
814 1176 896 1222 tamen
906 1175 971 1236 quod
989 1176 1079 1236 aliquis
1090 1175 1167 1240 possit

87 1241 169 1300 operis
176 1241 215 1289 sui
226 1254 298 1289 mum
307 1239 420 1298 negavit?
431 1239 456 1285 Si
464 1239 553 1298 pedem
561 1238 617 1286 vul·
641 1244 788 1304 autpoenam
799 1257 848 1292 nou
856 1245 958 1304 timere,
969 1245 1013 1291 aut
1020 1245 1104 1292 multae
1113 1246 1170 1292 illu·

86 1309 173 1386 neret,
184 1309 332 1368 quantorum
343 1308 391 1355 sibi
403 1307 503 1354 actuum
519 1304 617 1366 proiee·
641 1311 715 1370 dem
728 1313 857 1374 'numquid
874 1313 976 1373 dignum
993 1314 1030 1360 est
1046 1313 1075 1359 ut
1092 1313 1169 1374 aliqui

87 1375 142 1424 tum
159 1374 295 1423 inviderit?
314 1376 343 1422 Et
359 1375 449 1436 quanto
467 1374 564 1434 gravius
580 1374 617 1421 est
641 1381 711 1429 alteri
725 1382 869 1430 detrahant!
889 1383 984 1430 servile
1002 1383 1048 1428 noc
1063 1382 1168 1441 villum,

86 1444 166 1491 totum
176 1444 470 1505 bominemqnnmunum
478 1444 616 1490 membrum
640 1449 667 1495 et
682 1448 803 1497 familiare
822 1450 916 1497 uitimae
936 1448 1086 1508 conditioni3
1107 1450 1169 1497 adeo

87 1511 200 1561 detrabit
217 1513 271 1560 Jam
283 1514 304 1562 si
316 1513 342 1559 iu
357 1525 407 1560 uno
417 1513 527 1559 membro
538 1511 616 1559 totum
641 1517 723 1564 contra
740 1517 869 1576 unimam,
889 1519 917 1566 ut
935 1518 1017 1578 inopia
1035 1517 1169 1576 magisnec

87 1593 176 1641 eorpus
183 1583 304 1641 violatur,
320 1581 407 1640 utique
418 1580 444 1627 in
455 1592 505 1627 uno
515 1580 615 1628 bomine
640 1584 788 1644 extorquere
797 1585 923 1644 rideatur,
932 1598 1004 1646 mam
1015 1582 1107 1632 natura
1114 1596 1169 1630 sua-

87 1651 226 1699 communio
236 1651 312 1703 totius
321 1649 482 1698 humanitatis
495 1649 613 1710 solvitur3
640 1651 708 1700 dere.
726 1653 858 1701 Servorum
878 1655 962 1700 tamen
980 1654 1075 1702 occulta
1089 1652 1168 1712 iuria,

86 1719 195 1768 violatur
214 1720 302 1766 natura
325 1719 423 1778 generis
448 1717 565 1776 humani,
590 1718 616 1765 et
638 1719 745 1769 divitum
755 1722 848 1781 rapinae
857 1723 972 1781 publieae.

87 1789 176 1837 sanetae
191 1789 306 1837 Ecclesiae
325 1787 495 1847 congregatio,
513 1800 569 1846 quae
588 1787 615 1833 in
669 1787 708 1835 25.
717 1790 782 1847 Quid
792 1790 874 1836 autem
885 1790 935 1836 torn
945 1791 1030 1837 contra
1039 1791 1167 1847 naturum,

86 1855 616 1916 unumconnexnmcorpusatquecompac-
639 1868 712 1913 quam
736 1856 829 1904 violare
853 1858 959 1904 alterum
980 1858 1017 1904 tui
1048 1856 1169 1904 commodi
1213 1909 1218 1921 ,

86 1925 140 1971 turn
156 1924 251 1972 unitate
261 1923 324 1984 fidei
330 1924 355 1970 et
366 1921 475 1970 caritatis
487 1921 595 1980 adsurgit
607 1935 614 1967 r
640 1934 709 1968 causa
718 1926 791 1982 ;'eum
802 1937 845 1983 pro
857 1925 971 1971 omnibus
982 1925 1169 1983 excubandum,

86 1992 196 2039 Christus
203 1998 301 2052 quoque
309 1990 443 2048 Dominus,
454 1988 497 2048 qui
508 2001 552 2047 pro
561 1989 617 2034 uni·
640 1991 779 2039 subeundas
788 1993 927 2050 molestias,
937 1992 1119 2052 suscipiendum
1131 1993 1168 2038 la·

88 2059 167 2108 versis
177 2061 287 2107 mortuus
298 2059 350 2118 est,
365 2057 507 2105 mercedem
516 2056 617 2116 sangui·
640 2058 724 2106 horem
744 2060 863 2108 namralis
885 2061 985 2108 allectus
1002 2060 1168 2120 persuadeat:

86 2127 127 2175 nis
141 2128 332 2192 suievacuatam
345 2127 446 2175 dolebit.
458 2123 460 2127 ’
640 2127 666 2174 et
676 2128 807 2186 gloriosum
818 2127 951 2188 unicuique
964 2129 1076 2187 ducatur,
1091 2129 1115 2175 si
1123 2141 1169 2187 pe-

117 2196 156 2245 20.
168 2197 233 2256 Quid
242 2197 393 2258 quodetiam
404 2196 456 2255 ipsa
464 2196 507 2243 lex
516 2194 615 2243 Domini
640 2195 725 2242 riculis
743 2197 848 2256 propriis
874 2197 967 2256 quaerai
994 2197 1167 2243 universorum

86 2264 151 2313 banc
173 2267 276 2314 termam
304 2265 438 2313 tenendam
463 2264 562 2322 edocet,
587 2266 615 2311 ut
639 2264 1001 2325 tranquillitatemrmultoque
1019 2265 1068 2312 sibi
1090 2277 1168 2312 unus·

86 2335 150 2382 nibil
160 2335 232 2384 alteri
242 2335 369 2392 detrahas,
380 2333 418 2380 tui
427 2333 547 2381 commodi
563 2346 615 2380 ser·
638 2333 741 2394 quisque
756 2335 889 2383 arbitretur
899 2334 991 2394 gratius
1010 2333 1108 2381 excidia
1125 2345 1167 2393 pa-

85 2404 160 2451 randi
169 2404 261 2464 gratia,
269 2416 326 2450 cnm
334 2400 411 2450 dicit:
422 2404 477 2450 tlon
484 2403 615 2461 transferas
638 2401 691 2449 triae
702 2403 837 2462 repulisse,
848 2415 920 2462 quarn
930 2402 1028 2462 propria
1039 2401 1166 2462 pericula:

86 2475 212 2531 terminos,
234 2486 291 2533 quos
311 2473 442 2519 statuerunt
461 2473 539 2530 potres
561 2473 614 2531 tui3
639 2471 841 2536 praestantiusque
867 2482 919 2517 esse
948 2469 1075 2516 existimet
1103 2469 1168 2528 quod

85 2542 256 2589 eumvitulum
268 2542 391 2588 errantem
401 2538 482 2584 fratris
494 2539 531 2585 tui
540 2539 615 2597 redu·
639 2549 738 2596 operam
746 2550 815 2595 suam
826 2537 911 2596 patriae
920 2536 1082 2595 impenderit,
1092 2548 1167 2595 quam

86 2608 198 2671 cendum
208 2607 331 2668 praecipit,
343 2619 398 2654 cum
411 2606 492 2653 iurem
501 2605 563 2652 mori
574 2607 614 2664 ju·
639 2605 660 2651 si
672 2606 699 2650 in
709 2605 759 2652 otio
768 2605 861 2664 positus
872 2605 1029 2664 tranquillam
1037 2605 1115 2652 vitam
1126 2616 1168 2653 ro-

86 2675 144 2735 bet,
167 2672 223 2723 cnm
244 2677 313 2724 reiut
332 2675 514 2722 mercenarium
532 2674 615 2721 debita
639 2672 762 2734 luptalum
774 2672 852 2733 copiis
862 2672 962 2720 iunctus
975 2673 1074 2733 egisset.

86 2744 317 2792 mercedeeiraudari
326 2763 338 2801 ,·
348 2756 403 2790 cum
417 2742 547 2802 pecuniam
556 2742 615 2790 ‘sine

864 2791 937 2804 ιιι-ιι
946 2781 949 2785 ’

23 2831 28 2836 ·
85 2814 168 2861 usuris
184 2811 334 2861 reddendam
352 2811 458 2859 censuit.
477 2810 615 2859 Subvenire

86 2883 153 2930 enim
172 2895 221 2930 non
241 2881 342 2930 babenti
363 2880 524 2928 humanitatis
546 2881 585 2928 est
606 2895 613 2928 a
656 2901 658 2906 ·
804 2861 930 2914 CAPUT
953 2859 1008 2938 IV·

85 2951 183 2999 duritiae
194 2950 282 2998 'antem
300 2951 356 3010 plus
373 2950 520 3010 exwfquefe
541 2962 614 3009 quam
638 2966 680 3005 Ubi
689 2967 783 3004 strictius
791 2970 896 3004 ostensum
907 2969 935 3003 est
945 2976 996 3003 curn
1009 2965 1048 3013 qui
1061 2964 1168 3004 commodi
1195 2977 1197 2984 ’

85 3020 192 3068 dederis.
203 3019 302 3077 Etenim
311 3020 331 3067 si
340 3012 398 3066 ideo
408 3018 502 3066 auxilio
513 3018 556 3065 tuo
567 3017 614 3066 erit
660 3021 693 3058 sui
702 3031 763 3058 cansa
775 3025 849 3058 noceat
861 3021 935 3066 alleri,
948 3031 1023 3066 graues
1036 3021 1169 3058 conscientia>

86 3101 159 3148 opus,
170 3089 228 3149 quia
237 3102 286 3137 uon
294 3088 380 3149 babuit
390 3085 456 3134 unde
465 3085 495 3134 de
503 3098 547 3134 suo
557 3086 615 3134 red·
660 3083 785 3165 ζῗῇιῑξὲῧ
792 3074 1046 3172 ἑζῗὲῐίῗῖἓὼωὲξξῑᾞῖ
1052 3074 1169 3165 effi?

85 3157 262 3217 domimum
278 3157 382 3217 impium
397 3157 448 3214 est,
467 3156 496 3203 lli
507 3155 553 3202 ⁸⁰1³
566 3155 615 3203 hu·
646 3196 648 3200 Α
660 3182 724 3226 atquo
733 3178 783 3216 adeo
793 3179 904 3226 propositae
914 3189 925 3214 a
936 3179 1065 3227 philosophis
1077 3178 1102 3216 de
1115 3188 1168 3215 nau-

86 3227 211 3275 manitatis
229 3226 386 3274 simulatione
407 3223 513 3285 amplius
531 3225 562 3271 ab
584 3238 614 3273 eo
661 3230 724 3278 fragis
742 3230 826 3268 duobus
843 3231 956 3278 quaestioni
975 3233 1048 3270 locum
1066 3241 1110 3268 non
1127 3240 1168 3267 esse

87 3305 183 3354 poscas,
196 3293 245 3354 ¹qui
261 3305 311 3340 non
329 3292 436 3339 habebat
449 3291 515 3340 unde
533 3292 614 3340 minus
660 3282 716 3328 apud
725 3281 858 3324 christianos.
867 3283 947 3328 quibus
956 3283 1038 3329 ubique
1050 3284 1125 3320 caritas
1137 3285 1169 3318 ul·

86 3361 206 3411 concreta
227 3361 432 3422 annonantur
453 3361 524 3409 arten
546 3361 615 3409 ueni·
661 3336 1020 3384 ‘¹⁰⁴³¹¹⁰¹¹¹³¹³¹³⁸⁰¹²¹'⁰⁹¹¹‘¹²⁵⁰”⁸·
1085 3397 1089 3406 .

86 3432 178 3490 torem,
190 3429 221 3479 nt
226 3430 374 3479 condemnes
384 3429 431 3478 tibi
443 3442 450 3474 ι
463 3429 560 3490 etbanc
569 3429 616 3475 bu·
668 3427 707 3473 el.
720 3428 786 3473 ilinc
797 3438 854 3485 crgo
869 3424 994 3486 colligitur
1004 3425 1069 3484 quod
1078 3425 1167 3484 bomo,

87 3499 230 3547 inanitatem
247 3509 334 3557 vocas,
354 3497 399 3546 ubi
418 3498 455 3546 est
478 3497 616 3557 iniquitatis
639 3495 827 3557 quisecundum
837 3495 931 3542 naturae
948 3494 1066 3540 iormatus
1083 3494 1119 3539 est
1129 3492 1166 3538 di·

88 3565 184 3616 auctior
277 3574 299 3580 ”
352 3576 374 3597 0
639 3565 828 3624 rectionem‚ut
838 3564 935 3611 obediat
956 3563 993 3623 ei,
1009 3573 1098 3611 nocere
1119 3572 1168 3607 non

117 3635 157 3682 ei.
168 3635 219 3683 iloc
227 3636 370 3695 praestamus
377 3636 472 3685 caeteris
481 3635 615 3684 animanti·
639 3634 715 3695 possit
726 3634 798 3681 alteri
810 3647 817 3680 τ
829 3633 925 3693 quodsi
937 3633 977 3679 cui
986 3632 1087 3688 noceat,
1098 3630 1169 3676 natu-

86 3705 147 3764 bus,
158 3705 225 3764 quod
232 3704 280 3751 alia
290 3707 380 3764 gedera
387 3706 549 3753 animantium
558 3717 616 3752 eon·
639 3703 773 3751 ramviolet
780 3715 787 3747 a
794 3713 874 3761 neque
884 3700 1041 3748 tantumesse
1048 3698 1168 3746 commodi

86 3772 395 3833 torrealiquidnes'ciuni:
409 3774 615 3821 ieraeautemeri-
640 3772 705 3834 quod
731 3770 834 3830 adipisci
857 3782 911 3817 sese
935 3768 1030 3830 putet,
1050 3769 1168 3828 quantum

85 3840 616 3904 piunt,bominestribunut.·UndeetPsal-
640 3840 803 3900 incommodi,
821 3839 887 3900 quod
906 3851 938 3886 ex
960 3851 989 3886 eo
1008 3837 1055 3885 sibi
1064 3838 1168 3888 aecidat.

85 3913 158 3960 mista
175 3911 211 3958 ait
223 3923 230 3956 a
241 3912 321 3958 luatur
338 3912 475 3968 miteretur,
491 3914 513 3959 ct
524 3912 614 3959 tribuit.
640 3913 698 3969 Quae
710 3909 1057 3971 enim'poenagravior,qnam
1066 3907 1169 3955 interio-

85 3980 147 4029 Snnt
162 3983 246 4029 tamen
261 3979 351 4041 quibus
364 3979 390 4028 et
405 3979 465 4027 term
477 3980 614 4029 conterant.
641 3980 675 4028 ris
684 3981 775 4027 vulnus
785 3976 959 4026 conscientiae?
975 3977 1046 4037 Quod
1057 3976 1168 4025 severius

89 4048 216 4112 siquidem
227 4047 356 4100 collatione
371 4048 480 4100 sobolem
489 4060 559 4098 suam
569 4061 618 4100 nu·
640 4045 1170 4111 iudicium,quamdomcsticnmquounus-
