2752 4814
282 425 326 470 DE
342 424 496 471 onericus
513 425 767 481 MINISTRORUM,
783 428 888 473 LIBER
901 429 948 473 ΙΙΙ.
1117 427 1164 476 iio

83 504 141 564 qaia
156 505 228 554 nater
241 504 308 553 Deus
325 506 390 553 dixit
400 519 409 553 a
420 508 471 568 Epo
487 509 610 568 cumipse
635 509 752 567 pandere,
763 508 827 568 quod
839 520 945 568 eousque
959 508 1059 568 pienum
1075 508 1164 557 hones

72 583 217 624 ‘rorasemens
225 590 234 636 3
252 575 278 624 ct
292 574 351 622 alibi
363 588 370 621 ι
386 578 424 624 Mc
441 577 611 637 dereliquerunt
634 575 692 623 tatis
702 576 754 637 est,
764 577 794 624 ut
809 576 842 624 sit
852 577 954 637 pienum
965 576 1100 638 religionis.

83 644 171 700 totitem
181 657 249 706 apooe
263 647 329 693 oiooe.
346 645 400 705 ipse
414 656 511 704 quoque
529 644 611 692 Domi·
879 689 928 701 -

34 713 611 775 ,Μωωψωωω

82 780 610 845 dientiumcorna‚quasiionsreirigerabat3
785 761 911 816 mm*
931 761 1011 815 m

82 861 139 898 nam
150 849 202 910 ipso
217 850 243 898 in
259 851 389 912 Evangelio
409 864 453 898 suo
467 851 529 900 dicit
545 855 611 912 quod
634 858 1095 907 narramraomrsummrsvnncurmuam
1106 867 1164 896 uxo-

80 916 363 980 ideovenerit,utignem
372 919 398 966 in
405 919 484 966 terras
491 919 610 983 mitteret,
658 923 705 979 ,ΝΜ
716 924 728 952 ·
739 914 824 980 nvibus
836 914 908 981 Q·
924 914 1043 962 ¹¹⁸ii¹¹¹¹¹¹¹¹v
1058 917 1128 978 ’3Ψῆ
1136 922 1163 976 ⁸?

82 987 108 1034 et
123 989 209 1048 potum
220 988 359 1037 sitientibus
369 1001 439 1049 ΒΜ
449 987 513 1038 vim
524 989 611 1038 minis.
656 969 715 1008 nlius
722 969 805 1008 ultibus
813 972 924 1020 colligitur
931 979 998 1018 quam
1008 967 1164 1007 verermmnlu

80 1055 166 1104 traret.
1168 1065 1172 1069 ’

113 1125 165 1187 iot.
184 1125 243 1174 Elim
253 1138 349 1188 quoque
361 1127 470 1188 tempore
482 1126 610 1176 descendit
665 1109 718 1188 {¹⁰3
734 1111 846 1190 meft
861 1113 945 1160 ”sstem
961 1107 1164 1192 ΜΨΨΡΨ

79 1192 405 1255 ῑὲηἰῃωᾱορῐογοωῇ
413 1195 610 1255 prophetasgen,
634 1178 767 1256 majoribus
779 1180 839 1260 iuri,
853 1183 881 1229 ut
890 1183 964 1230 uarius
973 1181 1085 1228 mulieris
1096 1189 1164 1256 anau·

79 1260 143 1308 tium
153 1293 160 1322 ,
171 1264 200 1309 ut
210 1263 287 1313 altare
297 1263 351 1309 sine
368 1264 423 1321 igno
434 1263 606 1310 accenderent.
633 1258 696 1295 ΜΝ
718 1248 802 1308 sinim
822 1250 917 1298 lutiam
945 1246 1173 1309 issiflfflifflfltfflm·

657 1022 717 1062 cordi
726 1023 794 1061 inerit
805 1022 917 1062 honestatis
930 1023 991 1061 ratio.

79 1331 108 1376 iit
120 1344 176 1379 cum
188 1331 224 1377 iiii
235 1332 380 1392 nequissent
394 1331 491 1393 iacere,
505 1331 609 1379 bostiam
634 1314 1040 1379 b⁸¹¹⁰ii⁰¹⁸0<i⁸10f0¹¹turseiii⁰1⁰
1057 1315 1162 1376 i>⁰iul⁰s
1252 1327 1263 1333 “’

78 1411 149 1458 suam
156 1400 230 1447 tertio
238 1400 290 1460 ipse
300 1399 410 1460 perfudit
424 1413 500 1460 aqua,
513 1403 539 1447 et
556 1414 609 1448 ma·
633 1384 714 1463 {fiius
730 1386 859 1467 Beniamin
871 1389 1051 1467 obtestarentur
1062 1385 1089 1432 iu
1105 1395 1163 1431 con-

78 1466 154 1515 nsbat
164 1480 226 1528 aqua
237 1467 376 1515 incircuitu
387 1468 479 1528 aitaris,
490 1468 516 1516 et
526 1471 608 1517 excla·
630 1465 727 1511 luifflm
748 1467 775 1502 ⁸0
796 1467 833 1503 0¹⁸
849 1458 959 1517 iif⁰i>¹i³⁸
974 1457 1036 1504 fi¹¹³⁸
1046 1466 1097 1502 ¹¹⁰³
1118 1453 1163 1500 ‘¹²¹'

78 1537 172 1596 mavis,
193 1537 219 1583 ῃ
237 1536 327 1584 cecidit
345 1537 408 1596 ιρις
424 1549 438 1583 a
458 1539 562 1586 pomino
577 1538 608 1587 d,
633 1523 715 1570 turos?
725 1526 885 1574 nemumsrat
895 1526 1035 1574 tribuniae
1046 1525 1096 1572 ulio
1105 1533 1162 1582 pos·

77 1604 150 1661 coelss,
161 1605 186 1652 et
197 1604 329 1652 consumsit
340 1605 519 1652 holocaustum,
631 1593 738 1641 totitatis
756 1594 881 1654 subsidio,
896 1596 946 1642 ΙΙῙΒί
967 1594 1060 1642 fraudifl
1075 1604 1169 1640 neceb

110 1672 162 1720 107,
174 1673 257 1720 nostia
268 1673 311 1719 ina
320 1673 347 1720 tu
358 1687 393 1721 02,
405 1674 534 1721 considera
545 1673 607 1721 pact.
631 1661 701 1709 sarim
710 1663 847 1721 accepisset
860 1663 995 1711 licentiam.
1006 1663 1066 1721 Quae
1078 1662 1161 1708 tamen

78 1738 607 1799 sussrngun.insenescenutvaporspm-
631 1730 1162 1792 indolentiaconoaoiotemoeraatiaeeun-

77 1808 118 1854 tus
128 1807 216 1864 sancti,
226 1807 251 1852 te
260 1806 361 1854 ridetur
371 1820 486 1865 exurere,
497 1821 554 1854 cum
564 1809 606 1853 tua
630 1798 706 1858 plicio
717 1811 766 1846 non
777 1800 876 1846 ridetur
892 1812 991 1858 vacare,
1003 1798 1099 1859 quando
1111 1796 1162 1844 iilis

77 1877 178 1936 peccata
194 1874 324 1921 consumit,
343 1875 454 1936 Denique
470 1875 535 1935 quod
549 1888 607 1922 con.
631 1868 677 1914 hoc
688 1867 767 1914 solnm
778 1870 925 1928 permissum
936 1869 983 1927 est,
993 1869 1022 1914 ut
1032 1868 1101 1926 rapto
1113 1865 1162 1911 ini·

77 1943 186 1990 sumtum
197 1943 234 1988 est
244 1941 474 2003 merinciumiioysi
484 1944 606 2006 tempore,
630 1937 686 1982 rent
691 1936 813 1996 conjugis,
819 1949 869 1984 non
877 1937 993 1984 connubii
999 1935 1169 1982 sacramento.¹

76 2010 224 2069 sacrificium
235 2022 279 2070 pro
287 2011 387 2074 peccato
395 2011 456 2057 erat.
462 2010 532 2058 Unde
541 2012 607 2071 Moy.
630 2005 660 2050 Et
671 2016 757 2052 revera
770 2002 873 2063 dignum
888 2004 935 2052 init
949 2006 978 2051 ut
991 2004 1034 2064 qui
1048 2004 1167 2050 alienum
1265 2014 1273 2025 ·

77 2087 117 2124 ses
127 2075 171 2133 ait,
179 2076 242 2123 sicut
253 2076 279 2123 in
287 2076 478 2128 machabaeorum
487 2077 606 2137 scriptum
630 2074 818 2121 contubernium
840 2074 979 2133 solverant,
998 2072 1047 2133 ipsi
1063 2071 1162 2131 nuptia-

78 2147 116 2192 est
125 2144 202 2203 libro,
215 2157 244 2191 eo
255 2146 320 2205 quod
329 2158 377 2192 non
389 2146 421 2192 sit
431 2147 605 2200 marrducatum
630 2153 685 2188 rum
694 2142 836 2191 amitterent
848 2142 1037 2190 solemnitatem.

77 2212 142 2273 quod
153 2214 205 2260 erat
216 2226 260 2274 pro
267 2215 382 2274 peccato,
393 2216 547 2261 consumtum
559 2216 604 2262 est.
659 2210 713 2257 iii.
728 2211 807 2270 Quam
817 2213 890 2271 plena
902 2213 985 2259 autem
996 2208 1160 2258 miserationis

77 2281 161 2329 Nonne
172 2282 218 2329 tibi
230 2282 341 2332 consumi
349 2283 463 2342 videtur,
472 2284 568 2344 quando
578 2285 605 2331 in
630 2278 746 2327 historia!
761 2281 821 2341 Vir,
836 2282 933 2342 inquit,
944 2280 1020 2328 levita
1030 2277 1161 2338 acceperat

76 2349 230 2410 baptismatis
255 2352 406 2399 sacramento
426 2352 513 2401 inierit
533 2354 605 2400 bomo
629 2350 677 2397 sibi
686 2351 794 2411 jugalem
806 2349 913 2412 (quama
925 2350 1057 2399 concubitu
1068 2360 1160 2396 concu-

75 2417 142 2466 totus
152 2417 363 2467 exteriorivetus
374 2420 445 2467 homo
455 2421 537 2468 noster
546 2433 606 2468 con·
629 2418 713 2465 binam
728 2421 877 2480 appellatam
891 2417 1027 2479 arbitror),
1043 2431 1098 2478 quae
1115 2417 1164 2463 ali«

75 2484 139 2533 fixus
151 2488 187 2534 est
198 2489 282 2547 cruci,
295 2488 423 2546 Apostolus
435 2489 532 2535 clamat.
542 2489 605 2548 iilic,
629 2489 721 2545 quanto
737 2488 791 2547 post
800 2488 962 2547 quibusdam,
972 2489 1001 2534 ut
1016 2487 1070 2534 fieri
1081 2486 1159 2543 solet,

76 2553 140 2603 sicut
149 2557 248 2602 Patrem
260 2556 372 2614 exempla
381 2557 406 2601 te
417 2556 513 2615 docent,
522 2558 606 2616 AEgyp-
630 2553 723 2600 offensa
733 2556 816 2613 rebus,
826 2556 858 2602 ad
868 2557 963 2614 patrem
973 2567 1000 2602 so
1010 2553 1124 2610 contulit,
1133 2555 1160 2599 et

75 2623 127 2670 tius
151 2623 318 2682 demergitur,
340 2623 458 2670 Hebraeus
485 2624 606 2683 resurgit,
631 2621 678 2668 tuit
689 2622 740 2669 illic
751 2623 855 2681 quatuor
865 2622 1000 2669 mensibus.
1012 2623 1042 2668 Et
1051 2621 1160 2668 surrexit
1234 2624 1236 2628 ’

75 2691 160 2740 sancto
171 2693 301 2738 renovatus
311 2688 418 2750 Spiritu,
426 2691 467 2752 qui
478 2691 553 2741 etiam
563 2704 608 2751 per
630 2689 745 2748 rirejus,
762 2691 787 2736 ot
799 2689 861 2737 abiit
868 2690 899 2737 arl
909 2690 987 2736 soceri
998 2690 1037 2736 sui
1047 2689 1156 2748 domum,

75 2773 144 2808 mare
155 2761 256 2808 rubrum
274 2759 394 2806 inoffenso
405 2760 519 2807 transivit
530 2760 607 2808 resti·
631 2758 659 2803 ut
670 2771 726 2805 cum
735 2771 778 2807 sua
787 2758 862 2818 jugali
873 2761 1000 2818 repararet
1010 2757 1121 2817 gratiam,
1134 2759 1160 2806 et

75 2830 127 2888 gio,
139 2829 304 2890 ubibaptizati
315 2829 372 2876 sunt
381 2829 463 2891 patres
473 2829 518 2876 sub
526 2831 607 2892 nube,
631 2827 756 2875 revocaret
768 2840 837 2887 eam,
849 2839 877 2874 ac
889 2827 1020 2875 reduceret
1031 2840 1038 2872 ι
1050 2827 1160 2875 occurrit

76 2899 102 2944 et
117 2898 228 2954 inmari,
513 2906 516 2911 ·
631 2896 654 2943 ei
671 2898 776 2957 mulier,
795 2899 868 2958 atque
883 2897 1158 2957 indomumpatrissui

108 2967 160 3014 iot.
172 2968 200 3012 ln
211 2966 307 3013 diluvio
323 2978 421 3027 quoque
432 2967 482 3014 Noe
493 2965 605 3028 tempore
630 2966 765 3014 introduxit
782 2967 906 3015 maritum.

75 3035 223 3082 mortuaest
243 3035 322 3082 omnis
338 3047 410 3094 caro,
429 3036 510 3092 justus
523 3036 605 3083 tamen
659 3036 713 3082 iii.
724 3035 1158 3095 Laetatusestadoiescentuiaepater,

76 3115 133 3149 cum
143 3115 186 3150 sua
207 3103 324 3163 progenie
337 3104 448 3151 servatus
462 3106 508 3151 est.
520 3105 606 3151 Annon
629 3104 698 3150 venit
715 3105 831 3164 obviam,
848 3106 873 3153 et
883 3106 947 3152 sedit
963 3118 1021 3152 cum
1035 3117 1064 3152 eo
1079 3105 1159 3152 tribue

76 3173 227 3220 consumitur
235 3173 317 3232 homo,
329 3186 385 3220 cum
397 3173 531 3220 absolvitur
540 3187 605 3221 mor·
628 3173 726 3233 diebus,
738 3175 764 3222 et
775 3175 868 3234 epulati
879 3175 951 3233 sunt,
962 3175 988 3220 et
998 3174 1157 3233 quieverunt.

75 3240 124 3289 tale
137 3241 202 3288 istud
212 3254 226 3287 a
236 3241 427 3301 vitaiDenique
439 3242 546 3289 exterior
554 3257 605 3290 cor·
628 3243 657 3288 Et
667 3244 781 3303 sequenti
787 3245 828 3291 die
837 3243 945 3290 surrexit
952 3243 1029 3290 levita
1038 3241 1158 3301 dituculo,

75 3310 214 3370 rumpitur,
230 3310 273 3356 sed
288 3310 391 3356 interior
404 3312 544 3357 renovatur.
555 3313 604 3360 Nec
628 3310 653 3356 et
663 3312 774 3357 retentus
785 3313 821 3357 est
831 3323 845 3356 a
855 3323 948 3368 socero,
955 3311 1042 3356 uttam
1052 3311 1101 3356 cito
1109 3322 1159 3358 non

75 3381 154 3427 sotum
165 3381 193 3427 in
204 3379 360 3439 baptismate,
375 3379 417 3425 sed
428 3380 503 3426 etiam
514 3381 540 3427 in
551 3393 605 3441 poe-
628 3378 752 3425 desereret
760 3378 867 3424 convivii
876 3377 1066 3434 jucunditatem.
1075 3378 1158 3426 italio

75 3449 181 3496 nitentia
189 3448 301 3496 iitcarnis
309 3448 425 3495 interitus
431 3447 461 3494 ad
467 3448 604 3508 proiectum
628 3445 652 3490 et
664 3444 736 3491 tertio
751 3444 792 3491 die
801 3456 850 3490 non
861 3444 973 3503 permisit
980 3447 1051 3502 pater
1062 3445 1158 3492 adoles·

75 3516 406 3575 spiritus3sicutnpost01ica
417 3516 534 3563 docemur
545 3529 604 3563 auc·
628 3511 855 3572 centulasproiicisci
865 3525 983 3572 generum
988 3524 1069 3571 suum,
1078 3513 1157 3560 donec

74 3584 185 3641 toritate,
197 3583 296 3630 dicente
303 3584 386 3630 sancto
394 3584 468 3630 Paulo
479 3585 605 3632 :iudicavi
628 3581 713 3628 ioetitia
721 3581 746 3630 et
756 3581 1158 3642 gratiaiutereosomnisconsum·

74 3655 101 3699 at
109 3663 211 3711 proesem
221 3664 276 3716 eoos
289 3653 330 3711 poi
337 3652 370 3697 sic
378 3654 484 3709 operatus
495 3653 527 3698 cst
534 3683 542 3707 ,
554 3655 605 3699 ιτα-
627 3650 745 3696 moretur.
762 3649 810 3695 Sed
821 3649 862 3696 die
870 3650 977 3708 septimo
992 3661 1048 3697 curn
1057 3649 1107 3705 jam
1125 3649 1157 3695 asi

74 3721 127 3766 (iere
136 3718 268 3775 huiusmodi
281 3719 404 3764 saionoeia
418 3712 537 3764 interituri
552 3733 605 3766 car-
628 3729 757 3777 vesperum
765 3718 902 3764 declinaret
913 3719 966 3764 (lies
975 3751 983 3778 ,
992 3721 1047 3777 post
1058 3730 1156 3767 mensas

73 3789 112 3835 ais
119 3820 127 3845 ,
137 3789 163 3833 ai
175 3787 271 3846 spiritus
287 3786 364 3833 sotrus
373 3787 403 3833 sit
421 3788 448 3833 in
461 3787 498 3834 ciis
507 3789 605 3835 Domini
628 3787 654 3833 et
662 3786 718 3833 iaeta
729 3785 852 3846 convivia,
862 3799 918 3832 cum
938 3786 1088 3846 praetexeret
1099 3786 1156 3832 tini·

74 3854 318 3903 sostmiesucbrbti.
628 3853 693 3900 timae
717 3852 798 3900 uoctls
819 3853 950 3912 viciniam,
968 3854 997 3901 ut
1016 3854 1081 3914 apud
1099 3866 1155 3903 snos

107 3922 299 3970 roo.1>ronxior
321 3932 438 3969 excursus
465 3922 603 3971 admirandi
628 3922 721 3985 potius,
739 3934 812 3981 quam
823 3920 888 3980 apud
901 3924 1031 3970 extraneos
1043 3923 1155 3983 requies·

76 3990 153 4052 gratia
163 3990 275 4051 mysterii
282 3989 475 4049 iactasvidetur,
483 3991 543 4037 rium
551 3992 602 4038 stu·
627 3990 732 4037 cenoum
747 3990 859 4050 putaret,
875 3988 990 4049 nequivit
1008 3992 1106 4052 tenere,
1129 3990 1155 4039 et

75 4058 161 4108 demus
172 4059 309 4111 revelatum
314 4057 412 4121 plenius
422 4059 602 4110 sacramentum
628 4059 721 4111 dimisit
730 4070 779 4109 una
789 4070 847 4108 cam
857 4056 908 4107 iiiia
917 4070 971 4108 sua.
