<?xml version="1.0" encoding="UTF-8"?>
<!DOCTYPE html PUBLIC "-//W3C//DTD XHTML 1.0 Transitional//EN"
    "http://www.w3.org/TR/xhtml1/DTD/xhtml1-transitional.dtd">
<html xmlns="http://www.w3.org/1999/xhtml" xml:lang="en" lang="en">
 <head>
  <title>
</title>
<meta http-equiv="Content-Type" content="text/html;charset=utf-8" />
  <meta name='ocr-system' content='tesseract 3.04.00' />
  <meta name='ocr-capabilities' content='ocr_page ocr_carea ocr_par ocr_line ocrx_word'/>
</head>
<body>
  <div class='ocr_page' id='page_1' title='image "./operaomnia01ambrgoog/operaomnia01ambrgoog_0146.png"; bbox 0 0 2752 4814; ppageno 0'>
   <div class='ocr_carea' id='block_1_1' title="bbox 364 433 1277 495">
    <p class='ocr_par' dir='ltr' id='par_1_1' title="bbox 364 433 1277 495">
     <span class='ocr_line' id='line_1_1' title="bbox 364 433 1277 495; baseline 0.005 -15"><span class='ocrx_word' id='word_1_1' title='bbox 364 436 406 482; x_wconf 78' lang='lat' dir='ltr'>bn</span> <span class='ocrx_word' id='word_1_2' title='bbox 420 433 571 482; x_wconf 72' lang='lat' dir='ltr'>obsiciis</span> <span class='ocrx_word' id='word_1_3' title='bbox 589 437 843 492; x_wconf 76' lang='lat' dir='ltr'>Mlnlsuuonuu,</span> <span class='ocrx_word' id='word_1_4' title='bbox 860 438 962 483; x_wconf 75' lang='lat' dir='ltr'>nlnun</span> <span class='ocrx_word' id='word_1_5' title='bbox 980 439 997 483; x_wconf 57' lang='lat' dir='ltr'>l·</span> <span class='ocrx_word' id='word_1_6' title='bbox 1184 439 1224 485; x_wconf 84' lang='lat' dir='ltr'>iil</span> <span class='ocrx_word' id='word_1_7' title='bbox 1274 482 1277 495; x_wconf 80' lang='grc'><strong><em>,</em></strong></span> 
     </span>
    </p>
   </div>
   <div class='ocr_carea' id='block_1_2' title="bbox 142 512 1231 1536">
    <p class='ocr_par' dir='ltr' id='par_1_2' title="bbox 142 512 1231 1536">
     <span class='ocr_line' id='line_1_2' title="bbox 147 512 1231 578; baseline 0.006 -18"><span class='ocrx_word' id='word_1_8' title='bbox 147 514 210 560; x_wconf 86' lang='lat' dir='ltr'>cium</span> <span class='ocrx_word' id='word_1_9' title='bbox 218 549 225 574; x_wconf 87' lang='lat'>,</span> <span class='ocrx_word' id='word_1_10' title='bbox 234 527 282 563; x_wconf 89' lang='lat' dir='ltr'>non</span> <span class='ocrx_word' id='word_1_11' title='bbox 294 515 411 564; x_wconf 87' lang='lat' dir='ltr'>ultionem</span> <span class='ocrx_word' id='word_1_12' title='bbox 420 519 558 578; x_wconf 74' lang='lat' dir='ltr'>querebat,</span> <span class='ocrx_word' id='word_1_13' title='bbox 567 512 674 577; x_wconf 86' lang='lat' dir='ltr'>eousque</span> <span class='ocrx_word' id='word_1_14' title='bbox 698 517 767 578; x_wconf 75' lang='lat' dir='ltr'>iugio</span> <span class='ocrx_word' id='word_1_15' title='bbox 774 518 945 578; x_wconf 86' lang='lat' dir='ltr'>suscepissem.</span> <span class='ocrx_word' id='word_1_16' title='bbox 958 521 1009 566; x_wconf 85' lang='lat' dir='ltr'>Non</span> <span class='ocrx_word' id='word_1_17' title='bbox 1018 517 1085 567; x_wconf 84' lang='lat' dir='ltr'>euius</span> <span class='ocrx_word' id='word_1_18' title='bbox 1094 519 1231 566; x_wconf 79' lang='lat' dir='ltr'>uehemen-</span> 
     </span>
     <span class='ocr_line' id='line_1_3' title="bbox 146 583 1230 655; baseline 0.005 -27"><span class='ocrx_word' id='word_1_19' title='bbox 146 583 174 628; x_wconf 91' lang='lat' dir='ltr'>nt</span> <span class='ocrx_word' id='word_1_20' title='bbox 185 583 277 631; x_wconf 89' lang='lat' dir='ltr'>dicenti</span> <span class='ocrx_word' id='word_1_21' title='bbox 289 585 336 632; x_wconf 89' lang='lat' dir='ltr'>sibi</span> <span class='ocrx_word' id='word_1_22' title='bbox 351 586 442 634; x_wconf 83' lang='lat' dir='ltr'>Sarviae</span> <span class='ocrx_word' id='word_1_23' title='bbox 456 587 507 634; x_wconf 82' lang='lat' dir='ltr'>filio</span> <span class='ocrx_word' id='word_1_24' title='bbox 517 587 584 647; x_wconf 90' lang='lat' dir='ltr'>quod</span> <span class='ocrx_word' id='word_1_25' title='bbox 593 586 674 633; x_wconf 85' lang='lat' dir='ltr'>vindi-</span> <span class='ocrx_word' id='word_1_26' title='bbox 699 587 747 633; x_wconf 91' lang='lat' dir='ltr'>tior</span> <span class='ocrx_word' id='word_1_27' title='bbox 761 587 799 634; x_wconf 89' lang='lat' dir='ltr'>est</span> <span class='ocrx_word' id='word_1_28' title='bbox 819 587 906 634; x_wconf 88' lang='lat' dir='ltr'>natura</span> <span class='ocrx_word' id='word_1_29' title='bbox 924 587 956 634; x_wconf 89' lang='lat' dir='ltr'>ad</span> <span class='ocrx_word' id='word_1_30' title='bbox 975 586 1141 646; x_wconf 75' lang='lat' dir='ltr'>diligendum,</span> <span class='ocrx_word' id='word_1_31' title='bbox 1156 600 1230 655; x_wconf 84' lang='lat' dir='ltr'>quam</span> 
     </span>
     <span class='ocr_line' id='line_1_4' title="bbox 146 644 1231 723; baseline 0.006 -27"><span class='ocrx_word' id='word_1_32' title='bbox 146 663 201 698; x_wconf 86' lang='lat' dir='ltr'>care</span> <span class='ocrx_word' id='word_1_33' title='bbox 213 653 239 698; x_wconf 89' lang='lat' dir='ltr'>in</span> <span class='ocrx_word' id='word_1_34' title='bbox 249 665 304 700; x_wconf 88' lang='lat' dir='ltr'>oum</span> <span class='ocrx_word' id='word_1_35' title='bbox 314 654 391 723; x_wconf 77' lang='lat' dir='ltr'>vellet</span> <span class='ocrx_word' id='word_1_36' title='bbox 401 666 451 700; x_wconf 87' lang='lat' dir='ltr'>non</span> <span class='ocrx_word' id='word_1_37' title='bbox 462 655 611 713; x_wconf 76' lang='lat' dir='ltr'><strong>permiserit.</strong></span> <span class='ocrx_word' id='word_1_38' title='bbox 620 655 674 701; x_wconf 85' lang='lat' dir='ltr'>Ibat</span> <span class='ocrx_word' id='word_1_39' title='bbox 697 644 783 712; x_wconf 78' lang='lat' dir='ltr'>gratia.</span> <span class='ocrx_word' id='word_1_40' title='bbox 791 656 849 702; x_wconf 84' lang='lat' dir='ltr'>Plus</span> <span class='ocrx_word' id='word_1_41' title='bbox 859 655 1034 716; x_wconf 73' lang='lat' dir='ltr'>certedilissere</span> <span class='ocrx_word' id='word_1_42' title='bbox 1044 656 1162 703; x_wconf 90' lang='lat' dir='ltr'>debemus</span> <span class='ocrx_word' id='word_1_43' title='bbox 1170 668 1231 715; x_wconf 89' lang='lat' dir='ltr'>quos</span> 
     </span>
     <span class='ocr_line' id='line_1_5' title="bbox 147 716 1229 786; baseline 0.006 -20"><span class='ocrx_word' id='word_1_44' title='bbox 147 716 344 780; x_wconf 69' lang='lat' dir='ltr'>ergoltinqium</span> <span class='ocrx_word' id='word_1_45' title='bbox 361 723 444 770; x_wconf 90' lang='lat' dir='ltr'>mutus</span> <span class='ocrx_word' id='word_1_46' title='bbox 462 724 488 770; x_wconf 86' lang='lat' dir='ltr'>et</span> <span class='ocrx_word' id='word_1_47' title='bbox 507 716 652 769; x_wconf 86' lang='lat' dir='ltr'>humiliatus</span> <span class='ocrx_word' id='word_1_48' title='bbox 664 723 679 781; x_wconf 74' lang='lat'>,³</span> <span class='ocrx_word' id='word_1_49' title='bbox 698 724 818 783; x_wconf 90' lang='lat' dir='ltr'>perpetuo</span> <span class='ocrx_word' id='word_1_50' title='bbox 838 724 966 773; x_wconf 89' lang='lat' dir='ltr'>nobiscum</span> <span class='ocrx_word' id='word_1_51' title='bbox 987 727 1101 786; x_wconf 86' lang='lat' dir='ltr'>putamus</span> <span class='ocrx_word' id='word_1_52' title='bbox 1120 727 1229 784; x_wconf 84' lang='lat' dir='ltr'>tuturos,</span> 
     </span>
     <span class='ocr_line' id='line_1_6' title="bbox 145 790 1229 853; baseline 0.005 -19"><span class='ocrx_word' id='word_1_53' title='bbox 145 790 197 836; x_wconf 85' lang='lat' dir='ltr'>ibat</span> <span class='ocrx_word' id='word_1_54' title='bbox 210 791 305 848; x_wconf 87' lang='lat' dir='ltr'>tacens,</span> <span class='ocrx_word' id='word_1_55' title='bbox 321 801 366 836; x_wconf 89' lang='lat' dir='ltr'>uec</span> <span class='ocrx_word' id='word_1_56' title='bbox 384 791 545 850; x_wconf 78' lang='lat' dir='ltr'>mouebatur,</span> <span class='ocrx_word' id='word_1_57' title='bbox 563 803 620 838; x_wconf 90' lang='lat' dir='ltr'>cum</span> <span class='ocrx_word' id='word_1_58' title='bbox 635 790 674 837; x_wconf 83' lang='lat' dir='ltr'>rir</span> <span class='ocrx_word' id='word_1_59' title='bbox 697 805 771 851; x_wconf 91' lang='lat' dir='ltr'>quam</span> <span class='ocrx_word' id='word_1_60' title='bbox 787 806 850 853; x_wconf 86' lang='lat' dir='ltr'>quos</span> <span class='ocrx_word' id='word_1_61' title='bbox 864 795 891 840; x_wconf 92' lang='lat' dir='ltr'>in</span> <span class='ocrx_word' id='word_1_62' title='bbox 909 794 1067 841; x_wconf 81' lang='lat' dir='ltr'>hortantum</span> <span class='ocrx_word' id='word_1_63' title='bbox 1078 795 1177 841; x_wconf 78' lang='lat' dir='ltr'>saeculo.</span> <span class='ocrx_word' id='word_1_64' title='bbox 1190 794 1229 841; x_wconf 95' lang='lat' dir='ltr'>llli</span> 
     </span>
     <span class='ocr_line' id='line_1_7' title="bbox 146 860 1230 922; baseline 0.004 -18"><span class='ocrx_word' id='word_1_65' title='bbox 146 860 311 918; x_wconf 80' lang='lat' dir='ltr'>appellaretur</span> <span class='ocrx_word' id='word_1_66' title='bbox 332 861 459 920; x_wconf 77' lang='lat' dir='ltr'>sanguinis</span> <span class='ocrx_word' id='word_1_67' title='bbox 477 860 521 920; x_wconf 88' lang='lat' dir='ltr'>qni</span> <span class='ocrx_word' id='word_1_68' title='bbox 545 861 598 906; x_wconf 88' lang='lat' dir='ltr'>erat</span> <span class='ocrx_word' id='word_1_69' title='bbox 615 871 673 906; x_wconf 89' lang='lat' dir='ltr'>con·</span> <span class='ocrx_word' id='word_1_70' title='bbox 698 861 832 920; x_wconf 80' lang='lat' dir='ltr'>degeneres</span> <span class='ocrx_word' id='word_1_71' title='bbox 855 862 989 910; x_wconf 89' lang='lat' dir='ltr'>nascuntur</span> <span class='ocrx_word' id='word_1_72' title='bbox 1012 861 1167 922; x_wconf 78' lang='lat' dir='ltr'>frequenter,</span> <span class='ocrx_word' id='word_1_73' title='bbox 1186 864 1230 922; x_wconf 88' lang='lat' dir='ltr'>qui</span> 
     </span>
     <span class='ocr_line' id='line_1_8' title="bbox 143 926 1230 991; baseline 0.007 -20"><span class='ocrx_word' id='word_1_74' title='bbox 143 926 209 973; x_wconf 89' lang='lat' dir='ltr'>scius</span> <span class='ocrx_word' id='word_1_75' title='bbox 221 929 324 989; x_wconf 63' lang='lat' dir='ltr'>proprie</span> <span class='ocrx_word' id='word_1_76' title='bbox 333 927 541 976; x_wconf 86' lang='lat' dir='ltr'>mansuetudinis.</span> <span class='ocrx_word' id='word_1_77' title='bbox 552 927 605 974; x_wconf 86' lang='lat' dir='ltr'>Non</span> <span class='ocrx_word' id='word_1_78' title='bbox 616 939 673 985; x_wconf 76' lang='lat' dir='ltr'>ergo</span> <span class='ocrx_word' id='word_1_79' title='bbox 698 929 834 979; x_wconf 81' lang='lat' dir='ltr'>dedeceant</span> <span class='ocrx_word' id='word_1_80' title='bbox 845 932 940 991; x_wconf 89' lang='lat' dir='ltr'>patrem</span> <span class='ocrx_word' id='word_1_81' title='bbox 952 945 959 977; x_wconf 79' lang='lat' dir='ltr'>r</span> <span class='ocrx_word' id='word_1_82' title='bbox 972 943 1015 980; x_wconf 85' lang='lat' dir='ltr'>vos</span> <span class='ocrx_word' id='word_1_83' title='bbox 1026 933 1082 979; x_wconf 87' lang='lat' dir='ltr'>ante</span> <span class='ocrx_word' id='word_1_84' title='bbox 1094 933 1230 991; x_wconf 76' lang='lat' dir='ltr'>elegimus,</span> 
     </span>
     <span class='ocr_line' id='line_1_9' title="bbox 144 994 1230 1061; baseline 0.007 -21"><span class='ocrx_word' id='word_1_85' title='bbox 144 996 287 1044; x_wconf 81' lang='lat' dir='ltr'>mouebatur</span> <span class='ocrx_word' id='word_1_86' title='bbox 307 994 445 1056; x_wconf 79' lang='lat' dir='ltr'>conviciis,</span> <span class='ocrx_word' id='word_1_87' title='bbox 467 996 509 1043; x_wconf 88' lang='lat' dir='ltr'>cui</span> <span class='ocrx_word' id='word_1_88' title='bbox 533 997 673 1044; x_wconf 82' lang='lat' dir='ltr'>abundabat</span> <span class='ocrx_word' id='word_1_89' title='bbox 697 999 870 1060; x_wconf 79' lang='lat' dir='ltr'>utdiligamus.</span> <span class='ocrx_word' id='word_1_90' title='bbox 883 1002 968 1061; x_wconf 86' lang='lat' dir='ltr'>ltaque</span> <span class='ocrx_word' id='word_1_91' title='bbox 979 1000 1017 1047; x_wconf 92' lang='lat' dir='ltr'>illi</span> <span class='ocrx_word' id='word_1_92' title='bbox 1031 999 1177 1049; x_wconf 80' lang='lat' dir='ltr'>necessitate</span> <span class='ocrx_word' id='word_1_93' title='bbox 1190 1001 1230 1048; x_wconf 90' lang='lat' dir='ltr'>di·</span> 
     </span>
     <span class='ocr_line' id='line_1_10' title="bbox 144 1063 1229 1129; baseline 0.006 -19"><span class='ocrx_word' id='word_1_94' title='bbox 144 1063 263 1112; x_wconf 89' lang='lat' dir='ltr'>bonornm</span> <span class='ocrx_word' id='word_1_95' title='bbox 274 1079 374 1127; x_wconf 87' lang='lat' dir='ltr'>opernm</span> <span class='ocrx_word' id='word_1_96' title='bbox 386 1066 544 1114; x_wconf 88' lang='lat' dir='ltr'>conscientia.</span> <span class='ocrx_word' id='word_1_97' title='bbox 697 1067 820 1128; x_wconf 79' lang='lat' dir='ltr'>ligantur,</span> <span class='ocrx_word' id='word_1_98' title='bbox 837 1081 891 1129; x_wconf 89' lang='lat' dir='ltr'>quae</span> <span class='ocrx_word' id='word_1_99' title='bbox 903 1082 953 1116; x_wconf 91' lang='lat' dir='ltr'>non</span> <span class='ocrx_word' id='word_1_100' title='bbox 972 1069 1031 1116; x_wconf 89' lang='lat' dir='ltr'>satis</span> <span class='ocrx_word' id='word_1_101' title='bbox 1051 1068 1140 1115; x_wconf 90' lang='lat' dir='ltr'>idonea</span> <span class='ocrx_word' id='word_1_102' title='bbox 1156 1069 1229 1128; x_wconf 81' lang='lat' dir='ltr'>atque</span> 
     </span>
     <span class='ocr_line' id='line_1_11' title="bbox 174 1133 1229 1198; baseline 0.006 -20"><span class='ocrx_word' id='word_1_103' title='bbox 174 1133 212 1181; x_wconf 76' lang='lat'>22.</span> <span class='ocrx_word' id='word_1_104' title='bbox 222 1135 306 1196; x_wconf 88' lang='lat' dir='ltr'>ltaque</span> <span class='ocrx_word' id='word_1_105' title='bbox 315 1137 336 1184; x_wconf 90' lang='lat' dir='ltr'>is</span> <span class='ocrx_word' id='word_1_106' title='bbox 344 1136 385 1196; x_wconf 89' lang='lat' dir='ltr'>qui</span> <span class='ocrx_word' id='word_1_107' title='bbox 392 1136 440 1183; x_wconf 89' lang='lat' dir='ltr'>cito</span> <span class='ocrx_word' id='word_1_108' title='bbox 448 1134 539 1193; x_wconf 84' lang='lat' dir='ltr'>injuria</span> <span class='ocrx_word' id='word_1_109' title='bbox 548 1133 673 1193; x_wconf 81' lang='lat' dir='ltr'>movetur,</span> <span class='ocrx_word' id='word_1_110' title='bbox 698 1137 814 1184; x_wconf 90' lang='lat' dir='ltr'>diuturna</span> <span class='ocrx_word' id='word_1_111' title='bbox 822 1138 860 1185; x_wconf 91' lang='lat' dir='ltr'>est</span> <span class='ocrx_word' id='word_1_112' title='bbox 868 1138 899 1184; x_wconf 92' lang='lat' dir='ltr'>ad</span> <span class='ocrx_word' id='word_1_113' title='bbox 910 1137 1104 1198; x_wconf 87' lang='lat' dir='ltr'>perpetuitatem</span> <span class='ocrx_word' id='word_1_114' title='bbox 1111 1137 1229 1196; x_wconf 81' lang='lat' dir='ltr'>diligendi</span> 
     </span>
     <span class='ocr_line' id='line_1_12' title="bbox 143 1201 1230 1265; baseline 0.005 -18"><span class='ocrx_word' id='word_1_115' title='bbox 143 1201 202 1250; x_wconf 85' lang='lat' dir='ltr'>tacit</span> <span class='ocrx_word' id='word_1_116' title='bbox 209 1217 235 1251; x_wconf 88' lang='lat' dir='ltr'>se</span> <span class='ocrx_word' id='word_1_117' title='bbox 241 1204 342 1264; x_wconf 79' lang='lat' dir='ltr'>dignum</span> <span class='ocrx_word' id='word_1_118' title='bbox 352 1204 433 1251; x_wconf 85' lang='lat' dir='ltr'>videri</span> <span class='ocrx_word' id='word_1_119' title='bbox 442 1202 604 1260; x_wconf 85' lang='lat' dir='ltr'>contumelia,</span> <span class='ocrx_word' id='word_1_120' title='bbox 615 1201 673 1249; x_wconf 88' lang='lat' dir='ltr'>dum</span> <span class='ocrx_word' id='word_1_121' title='bbox 698 1206 811 1263; x_wconf 80' lang='lat' dir='ltr'>magistra</span> <span class='ocrx_word' id='word_1_122' title='bbox 821 1220 827 1252; x_wconf 91' lang='lat'><strong>:</strong></span> <span class='ocrx_word' id='word_1_123' title='bbox 836 1205 994 1263; x_wconf 72' lang='lat' dir='ltr'>custodiris,</span> <span class='ocrx_word' id='word_1_124' title='bbox 1006 1218 1054 1265; x_wconf 89' lang='lat' dir='ltr'>qno</span> <span class='ocrx_word' id='word_1_125' title='bbox 1061 1217 1178 1264; x_wconf 79' lang='lat' dir='ltr'>magnum</span> <span class='ocrx_word' id='word_1_126' title='bbox 1189 1218 1230 1252; x_wconf 92' lang='lat' dir='ltr'>ca-</span> 
     </span>
     <span class='ocr_line' id='line_1_13' title="bbox 142 1269 1230 1334; baseline 0.004 -18"><span class='ocrx_word' id='word_1_127' title='bbox 142 1270 196 1316; x_wconf 81' lang='lat' dir='ltr'>vult</span> <span class='ocrx_word' id='word_1_128' title='bbox 206 1283 234 1317; x_wconf 87' lang='lat' dir='ltr'>ea</span> <span class='ocrx_word' id='word_1_129' title='bbox 243 1271 359 1330; x_wconf 73' lang='lat' dir='ltr'>indignus</span> <span class='ocrx_word' id='word_1_130' title='bbox 366 1270 473 1329; x_wconf 89' lang='lat' dir='ltr'>probari.</span> <span class='ocrx_word' id='word_1_131' title='bbox 483 1270 570 1316; x_wconf 89' lang='lat' dir='ltr'>llelior</span> <span class='ocrx_word' id='word_1_132' title='bbox 578 1269 616 1317; x_wconf 90' lang='lat' dir='ltr'>est</span> <span class='ocrx_word' id='word_1_133' title='bbox 627 1269 673 1315; x_wconf 87' lang='lat' dir='ltr'>ita-</span> <span class='ocrx_word' id='word_1_134' title='bbox 698 1273 778 1321; x_wconf 88' lang='lat' dir='ltr'>ritntis</span> <span class='ocrx_word' id='word_1_135' title='bbox 797 1274 894 1334; x_wconf 91' lang='lat' dir='ltr'>pondus</span> <span class='ocrx_word' id='word_1_136' title='bbox 905 1274 936 1321; x_wconf 83' lang='lat' dir='ltr'>nd</span> <span class='ocrx_word' id='word_1_137' title='bbox 946 1274 997 1323; x_wconf 89' lang='lat' dir='ltr'>vim</span> <span class='ocrx_word' id='word_1_138' title='bbox 1012 1273 1131 1332; x_wconf 74' lang='lat' dir='ltr'>diligendi</span> <span class='ocrx_word' id='word_1_139' title='bbox 1142 1272 1230 1330; x_wconf 87' lang='lat' dir='ltr'>adjun-</span> 
     </span>
     <span class='ocr_line' id='line_1_14' title="bbox 143 1337 1229 1411; baseline 0.006 -28"><span class='ocrx_word' id='word_1_140' title='bbox 143 1350 191 1397; x_wconf 86' lang='lat' dir='ltr'>qne</span> <span class='ocrx_word' id='word_1_141' title='bbox 201 1341 245 1398; x_wconf 86' lang='lat' dir='ltr'>qui</span> <span class='ocrx_word' id='word_1_142' title='bbox 259 1339 394 1387; x_wconf 88' lang='lat' dir='ltr'>contemnit</span> <span class='ocrx_word' id='word_1_143' title='bbox 405 1337 535 1411; x_wconf 78' lang='lat' dir='ltr'>injuriam,</span> <span class='ocrx_word' id='word_1_144' title='bbox 545 1349 617 1397; x_wconf 89' lang='lat' dir='ltr'>qnam</span> <span class='ocrx_word' id='word_1_145' title='bbox 629 1337 673 1396; x_wconf 86' lang='lat' dir='ltr'>qui</span> <span class='ocrx_word' id='word_1_146' title='bbox 698 1340 763 1399; x_wconf 73' lang='lat' dir='ltr'>gitur</span> <span class='ocrx_word' id='word_1_147' title='bbox 771 1375 778 1400; x_wconf 93' lang='lat'>‚</span> <span class='ocrx_word' id='word_1_148' title='bbox 785 1341 889 1401; x_wconf 90' lang='lat' dir='ltr'>probare</span> <span class='ocrx_word' id='word_1_149' title='bbox 903 1355 963 1402; x_wconf 90' lang='lat' dir='ltr'>quos</span> <span class='ocrx_word' id='word_1_150' title='bbox 974 1342 1079 1404; x_wconf 81' lang='lat' dir='ltr'>diligas,</span> <span class='ocrx_word' id='word_1_151' title='bbox 1089 1341 1114 1390; x_wconf 91' lang='lat' dir='ltr'>et</span> <span class='ocrx_word' id='word_1_152' title='bbox 1124 1340 1229 1403; x_wconf 75' lang='lat' dir='ltr'>diligero</span> 
     </span>
     <span class='ocr_line' id='line_1_15' title="bbox 143 1404 882 1472; baseline 0.009 -20"><span class='ocrx_word' id='word_1_153' title='bbox 143 1406 227 1462; x_wconf 84' lang='lat' dir='ltr'>dolet3</span> <span class='ocrx_word' id='word_1_154' title='bbox 240 1408 283 1466; x_wconf 91' lang='lat' dir='ltr'>qni</span> <span class='ocrx_word' id='word_1_155' title='bbox 296 1407 363 1453; x_wconf 89' lang='lat' dir='ltr'>enim</span> <span class='ocrx_word' id='word_1_156' title='bbox 379 1406 527 1464; x_wconf 84' lang='lat' dir='ltr'>contemnit,</span> <span class='ocrx_word' id='word_1_157' title='bbox 543 1404 612 1464; x_wconf 88' lang='lat' dir='ltr'>quasi</span> <span class='ocrx_word' id='word_1_158' title='bbox 623 1417 672 1451; x_wconf 92' lang='lat' dir='ltr'>non</span> <span class='ocrx_word' id='word_1_159' title='bbox 697 1421 757 1470; x_wconf 85' lang='lat' dir='ltr'>quos</span> <span class='ocrx_word' id='word_1_160' title='bbox 768 1411 882 1472; x_wconf 77' lang='lat' dir='ltr'>elegeris.</span> 
     </span>
     <span class='ocr_line' id='line_1_16' title="bbox 143 1474 992 1536; baseline 0.002 -15"><span class='ocrx_word' id='word_1_161' title='bbox 143 1475 247 1534; x_wconf 90' lang='lat' dir='ltr'>sentiat,</span> <span class='ocrx_word' id='word_1_162' title='bbox 260 1476 294 1522; x_wconf 92' lang='lat' dir='ltr'>ita</span> <span class='ocrx_word' id='word_1_163' title='bbox 305 1475 410 1536; x_wconf 88' lang='lat' dir='ltr'>despicit</span> <span class='ocrx_word' id='word_1_164' title='bbox 423 1475 481 1534; x_wconf 88' lang='lat' dir='ltr'>:qul</span> <span class='ocrx_word' id='word_1_165' title='bbox 493 1474 576 1522; x_wconf 90' lang='lat' dir='ltr'>autem</span> <span class='ocrx_word' id='word_1_166' title='bbox 591 1475 671 1534; x_wconf 89' lang='lat' dir='ltr'>dolet,</span> <span class='ocrx_word' id='word_1_167' title='bbox 928 1501 992 1510; x_wconf 85' lang='lat'>--</span> 
     </span>
    </p>
   </div>
   <div class='ocr_carea' id='block_1_3' title="bbox 143 1543 1081 1636">
    <p class='ocr_par' dir='ltr' id='par_1_3' title="bbox 143 1543 1081 1636">
     <span class='ocr_line' id='line_1_17' title="bbox 143 1543 1081 1636; baseline 0.033 -47"><span class='ocrx_word' id='word_1_168' title='bbox 143 1543 494 1605; x_wconf 84' lang='lat' dir='ltr'>quasiscnserit,torquetur.</span> <span class='ocrx_word' id='word_1_169' title='bbox 814 1574 816 1578; x_wconf 92' lang='lat'>·</span> <span class='ocrx_word' id='word_1_170' title='bbox 846 1581 973 1636; x_wconf 69' lang='lat' dir='ltr'>CAPUT</span> <span class='ocrx_word' id='word_1_171' title='bbox 994 1582 1081 1635; x_wconf 80' lang='lat' dir='ltr'>vm,</span> 
     </span>
    </p>
   </div>
   <div class='ocr_carea' id='block_1_4' title="bbox 144 1683 1228 1850">
    <p class='ocr_par' dir='ltr' id='par_1_4' title="bbox 144 1683 1228 1850">
     <span class='ocr_line' id='line_1_18' title="bbox 228 1683 1228 1755; baseline -0.065 39"><span class='ocrx_word' id='word_1_172' title='bbox 228 1683 231 1686; x_wconf 41' lang='grc'><strong><em>’</em></strong></span> <span class='ocrx_word' id='word_1_173' title='bbox 298 1700 425 1754; x_wconf 70' lang='lat' dir='ltr'>curor</span> <span class='ocrx_word' id='word_1_174' title='bbox 438 1700 510 1754; x_wconf 86' lang='lat' dir='ltr'>vn.</span> <span class='ocrx_word' id='word_1_175' title='bbox 696 1691 778 1754; x_wconf 65' lang='lat' dir='ltr'>Nur</span> <span class='ocrx_word' id='word_1_176' title='bbox 792 1691 934 1754; x_wconf 65' lang='lat' dir='ltr'>uscire</span> <span class='ocrx_word' id='word_1_177' title='bbox 950 1693 1021 1755; x_wconf 62' lang='lat' dir='ltr'>rur</span> <span class='ocrx_word' id='word_1_178' title='bbox 1037 1691 1177 1755; x_wconf 59' lang='lat' dir='ltr'>ruozoni,</span> <span class='ocrx_word' id='word_1_179' title='bbox 1192 1691 1228 1731; x_wconf 62' lang='lat' dir='ltr'>aa</span> 
     </span>
     <span class='ocr_line' id='line_1_19' title="bbox 144 1746 1228 1850; baseline -0.045 1"><span class='ocrx_word' id='word_1_180' title='bbox 144 1801 462 1850; x_wconf 71' lang='lat' dir='ltr'>Quampulcreprooemiiloco</span> <span class='ocrx_word' id='word_1_181' title='bbox 475 1804 591 1848; x_wconf 88' lang='lat' dir='ltr'>usurpatus</span> <span class='ocrx_word' id='word_1_182' title='bbox 603 1800 671 1837; x_wconf 82' lang='lat' dir='ltr'>tuerit</span> <span class='ocrx_word' id='word_1_183' title='bbox 718 1746 1012 1836; x_wconf 47' lang='grc' dir='ltr'>ξιιῐιιῗὶῐέιιδὲἔιὲἑῗιὶΐῶεωεζῦω</span> <span class='ocrx_word' id='word_1_184' title='bbox 1022 1750 1126 1784; x_wconf 57' lang='lat' dir='ltr'><strong>umatum</strong></span> <span class='ocrx_word' id='word_1_185' title='bbox 1143 1757 1197 1791; x_wconf 51' lang='lat' dir='ltr'>‘m&#39;</span> <span class='ocrx_word' id='word_1_186' title='bbox 1207 1750 1228 1784; x_wconf 70' lang='lat'>⁰¹</span> 
     </span>
    </p>
   </div>
   <div class='ocr_carea' id='block_1_5' title="bbox 165 1854 1228 1954">
    <p class='ocr_par' dir='ltr' id='par_1_5' title="bbox 165 1854 1228 1954">
     <span class='ocr_line' id='line_1_20' title="bbox 165 1854 949 1903; baseline 0 -13"><span class='ocrx_word' id='word_1_187' title='bbox 165 1855 256 1902; x_wconf 85' lang='lat' dir='ltr'>psalmus</span> <span class='ocrx_word' id='word_1_188' title='bbox 269 1857 302 1901; x_wconf 75' lang='lat'>58.</span> <span class='ocrx_word' id='word_1_189' title='bbox 317 1857 478 1903; x_wconf 75' lang='lat' dir='ltr'>quo&#39;induclus</span> <span class='ocrx_word' id='word_1_190' title='bbox 488 1854 530 1892; x_wconf 87' lang='lat' dir='ltr'>Vir</span> <span class='ocrx_word' id='word_1_191' title='bbox 546 1856 629 1892; x_wconf 86' lang='lat' dir='ltr'>sanctus</span> <span class='ocrx_word' id='word_1_192' title='bbox 647 1854 672 1891; x_wconf 87' lang='lat' dir='ltr'>de</span> <span class='ocrx_word' id='word_1_193' title='bbox 944 1885 949 1898; x_wconf 87' lang='grc'>,</span> 
     </span>
     <span class='ocr_line' id='line_1_21' title="bbox 166 1884 1228 1954; baseline -0.004 -6"><span class='ocrx_word' id='word_1_194' title='bbox 166 1907 249 1949; x_wconf 80' lang='lat' dir='ltr'>Officiis</span> <span class='ocrx_word' id='word_1_195' title='bbox 260 1909 353 1946; x_wconf 86' lang='lat' dir='ltr'>scribere</span> <span class='ocrx_word' id='word_1_196' title='bbox 369 1908 478 1946; x_wconf 85' lang='lat' dir='ltr'>constitnit</span> <span class='ocrx_word' id='word_1_197' title='bbox 493 1919 497 1945; x_wconf 96' lang='lat'><strong>:</strong></span> <span class='ocrx_word' id='word_1_198' title='bbox 513 1907 578 1954; x_wconf 88' lang='lat' dir='ltr'>idque</span> <span class='ocrx_word' id='word_1_199' title='bbox 594 1907 672 1953; x_wconf 86' lang='lat' dir='ltr'>potiori</span> <span class='ocrx_word' id='word_1_200' title='bbox 726 1884 766 1930; x_wconf 66' lang='lat'>25·</span> <span class='ocrx_word' id='word_1_201' title='bbox 787 1886 860 1931; x_wconf 69' lang='lat' dir='ltr'>ERGO</span> <span class='ocrx_word' id='word_1_202' title='bbox 875 1896 992 1943; x_wconf 67' lang='lat' dir='ltr'>‘lumnam</span> <span class='ocrx_word' id='word_1_203' title='bbox 1011 1897 1121 1944; x_wconf 63' lang='lat' dir='ltr'>P⁰f⁸⁰¹¹ae</span> <span class='ocrx_word' id='word_1_204' title='bbox 1138 1897 1228 1932; x_wconf 72' lang='lat' dir='ltr'>⁰⁰¹¹V⁰“</span> 
     </span>
    </p>
   </div>
   <div class='ocr_carea' id='block_1_6' title="bbox 140 1952 1297 3658">
    <p class='ocr_par' dir='ltr' id='par_1_6' title="bbox 140 1952 1297 3658">
     <span class='ocr_line' id='line_1_22' title="bbox 165 1952 1230 2011; baseline 0.001 -13"><span class='ocrx_word' id='word_1_205' title='bbox 165 1963 214 2009; x_wconf 62' lang='lat' dir='ltr'>Jure</span> <span class='ocrx_word' id='word_1_206' title='bbox 224 1971 291 2009; x_wconf 79' lang='lat' dir='ltr'>quam</span> <span class='ocrx_word' id='word_1_207' title='bbox 300 1962 352 1999; x_wconf 83' lang='lat' dir='ltr'>olim</span> <span class='ocrx_word' id='word_1_208' title='bbox 362 1963 435 2002; x_wconf 79' lang='lat' dir='ltr'>cicero</span> <span class='ocrx_word' id='word_1_209' title='bbox 446 1961 671 2006; x_wconf 61' lang='lat' dir='ltr'>additamentam</span> <span class='ocrx_word' id='word_1_210' title='bbox 697 1952 782 2010; x_wconf 84' lang='lat' dir='ltr'>olunt,</span> <span class='ocrx_word' id='word_1_211' title='bbox 791 1953 921 1999; x_wconf 84' lang='lat' dir='ltr'>videamus</span> <span class='ocrx_word' id='word_1_212' title='bbox 932 1954 1016 1998; x_wconf 89' lang='lat' dir='ltr'>utrum</span> <span class='ocrx_word' id='word_1_213' title='bbox 1024 1964 1063 2004; x_wconf 84' lang='lat' dir='ltr'>res</span> <span class='ocrx_word' id='word_1_214' title='bbox 1074 1953 1126 2011; x_wconf 92' lang='lat' dir='ltr'>ipsa</span> <span class='ocrx_word' id='word_1_215' title='bbox 1139 1964 1230 1999; x_wconf 81' lang='lat' dir='ltr'>conve-</span> 
     </span>
     <span class='ocr_line' id='line_1_23' title="bbox 166 2018 1228 2067; baseline 0.001 -2"><span class='ocrx_word' id='word_1_216' title='bbox 166 2018 193 2053; x_wconf 60' lang='grc' dir='ltr'>οἱ)</span> <span class='ocrx_word' id='word_1_217' title='bbox 204 2026 296 2054; x_wconf 60' lang='lat' dir='ltr'>cauam.</span> <span class='ocrx_word' id='word_1_218' title='bbox 697 2021 750 2067; x_wconf 89' lang='lat' dir='ltr'>niat</span> <span class='ocrx_word' id='word_1_219' title='bbox 762 2020 870 2067; x_wconf 87' lang='lat' dir='ltr'>scribere</span> <span class='ocrx_word' id='word_1_220' title='bbox 881 2020 912 2067; x_wconf 92' lang='lat' dir='ltr'>de</span> <span class='ocrx_word' id='word_1_221' title='bbox 923 2019 1014 2066; x_wconf 80' lang='lat' dir='ltr'>Officiis</span> <span class='ocrx_word' id='word_1_222' title='bbox 1025 2033 1032 2065; x_wconf 79' lang='lat' dir='ltr'>r</span> <span class='ocrx_word' id='word_1_223' title='bbox 1045 2021 1070 2067; x_wconf 90' lang='lat' dir='ltr'>ct</span> <span class='ocrx_word' id='word_1_224' title='bbox 1080 2020 1163 2067; x_wconf 89' lang='lat' dir='ltr'>utrum</span> <span class='ocrx_word' id='word_1_225' title='bbox 1183 2021 1228 2066; x_wconf 88' lang='lat' dir='ltr'>boc</span> 
     </span>
     <span class='ocr_line' id='line_1_24' title="bbox 167 2086 1227 2148; baseline 0.002 -16"><span class='ocrx_word' id='word_1_226' title='bbox 167 2086 672 2148; x_wconf 69' lang='lat' dir='ltr'>tunsounimprovideadrosuliosmeos</span> <span class='ocrx_word' id='word_1_227' title='bbox 697 2101 786 2135; x_wconf 90' lang='lat' dir='ltr'>nomen</span> <span class='ocrx_word' id='word_1_228' title='bbox 821 2089 1022 2148; x_wconf 82' lang='lat' dir='ltr'>pbilosophorum</span> <span class='ocrx_word' id='word_1_229' title='bbox 1060 2089 1227 2135; x_wconf 86' lang='lat' dir='ltr'>tantummodo</span> 
     </span>
     <span class='ocr_line' id='line_1_25' title="bbox 142 2150 1229 2218; baseline -0.001 -14"><span class='ocrx_word' id='word_1_230' title='bbox 142 2157 265 2216; x_wconf 87' lang='lat' dir='ltr'>scribens,</span> <span class='ocrx_word' id='word_1_231' title='bbox 284 2157 357 2216; x_wconf 79' lang='lat' dir='ltr'>buius</span> <span class='ocrx_word' id='word_1_232' title='bbox 372 2157 458 2218; x_wconf 85' lang='lat' dir='ltr'>psalmi</span> <span class='ocrx_word' id='word_1_233' title='bbox 480 2157 598 2216; x_wconf 84' lang='lat' dir='ltr'>prooernio</span> <span class='ocrx_word' id='word_1_234' title='bbox 614 2169 672 2203; x_wconf 91' lang='lat' dir='ltr'>usus</span> <span class='ocrx_word' id='word_1_235' title='bbox 696 2158 785 2205; x_wconf 85' lang='lat' dir='ltr'>seholae</span> <span class='ocrx_word' id='word_1_236' title='bbox 796 2150 880 2217; x_wconf 86' lang='lat' dir='ltr'>aptum</span> <span class='ocrx_word' id='word_1_237' title='bbox 887 2159 1050 2215; x_wconf 89' lang='lat' dir='ltr'>sit‚anetiam</span> <span class='ocrx_word' id='word_1_238' title='bbox 1061 2157 1088 2204; x_wconf 93' lang='lat' dir='ltr'>in</span> <span class='ocrx_word' id='word_1_239' title='bbox 1099 2157 1229 2217; x_wconf 87' lang='lat' dir='ltr'>scripturis</span> 
     </span>
     <span class='ocr_line' id='line_1_26' title="bbox 143 2225 1228 2286; baseline 0 -14"><span class='ocrx_word' id='word_1_240' title='bbox 143 2237 205 2272; x_wconf 79' lang='lat' dir='ltr'>suin.</span> <span class='ocrx_word' id='word_1_241' title='bbox 217 2226 294 2283; x_wconf 87' lang='lat' dir='ltr'>Quem</span> <span class='ocrx_word' id='word_1_242' title='bbox 314 2227 435 2285; x_wconf 90' lang='lat' dir='ltr'>psalmum</span> <span class='ocrx_word' id='word_1_243' title='bbox 452 2225 572 2285; x_wconf 88' lang='lat' dir='ltr'>propbeta</span> <span class='ocrx_word' id='word_1_244' title='bbox 593 2225 672 2272; x_wconf 85' lang='lat' dir='ltr'>David</span> <span class='ocrx_word' id='word_1_245' title='bbox 696 2228 836 2286; x_wconf 87' lang='lat' dir='ltr'>reperiatur</span> <span class='ocrx_word' id='word_1_246' title='bbox 852 2226 952 2274; x_wconf 88' lang='lat' dir='ltr'>divinis.</span> <span class='ocrx_word' id='word_1_247' title='bbox 971 2228 1056 2274; x_wconf 83' lang='lat' dir='ltr'>Pulcre</span> <span class='ocrx_word' id='word_1_248' title='bbox 1075 2226 1158 2286; x_wconf 87' lang='lat' dir='ltr'>itaque</span> <span class='ocrx_word' id='word_1_249' title='bbox 1169 2228 1228 2274; x_wconf 90' lang='lat' dir='ltr'>dum</span> 
     </span>
     <span class='ocr_line' id='line_1_27' title="bbox 142 2293 1228 2358; baseline 0.004 -20"><span class='ocrx_word' id='word_1_250' title='bbox 142 2293 224 2340; x_wconf 88' lang='lat' dir='ltr'>sancto</span> <span class='ocrx_word' id='word_1_251' title='bbox 245 2293 352 2341; x_wconf 84' lang='lat' dir='ltr'>idithum</span> <span class='ocrx_word' id='word_1_252' title='bbox 374 2295 511 2342; x_wconf 88' lang='lat' dir='ltr'>canendum</span> <span class='ocrx_word' id='word_1_253' title='bbox 528 2293 610 2353; x_wconf 84' lang='lat' dir='ltr'>dedit,</span> <span class='ocrx_word' id='word_1_254' title='bbox 627 2306 671 2352; x_wconf 77' lang='lat' dir='ltr'>ego</span> <span class='ocrx_word' id='word_1_255' title='bbox 696 2297 800 2355; x_wconf 81' lang='lat' dir='ltr'>legimus</span> <span class='ocrx_word' id='word_1_256' title='bbox 818 2296 892 2343; x_wconf 89' lang='lat' dir='ltr'>bodie</span> <span class='ocrx_word' id='word_1_257' title='bbox 909 2296 1070 2356; x_wconf 77' lang='lat' dir='ltr'>Evangelium</span> <span class='ocrx_word' id='word_1_258' title='bbox 1082 2293 1092 2358; x_wconf 75' lang='lat' dir='ltr'>t</span> <span class='ocrx_word' id='word_1_259' title='bbox 1104 2297 1174 2356; x_wconf 85' lang='lat' dir='ltr'>quasi</span> <span class='ocrx_word' id='word_1_260' title='bbox 1185 2297 1228 2342; x_wconf 91' lang='lat' dir='ltr'>ad·</span> 
     </span>
     <span class='ocr_line' id='line_1_28' title="bbox 141 2362 1229 2427; baseline 0.005 -19"><span class='ocrx_word' id='word_1_261' title='bbox 141 2362 671 2423; x_wconf 80' lang='lat' dir='ltr'>robistenendumsuaueo,delectatusejus</span> <span class='ocrx_word' id='word_1_262' title='bbox 696 2366 835 2414; x_wconf 84' lang='lat' dir='ltr'>hortaretur</span> <span class='ocrx_word' id='word_1_263' title='bbox 857 2366 889 2413; x_wconf 92' lang='lat' dir='ltr'>ad</span> <span class='ocrx_word' id='word_1_264' title='bbox 913 2363 1101 2427; x_wconf 88' lang='lat' dir='ltr'>scribendum),</span> <span class='ocrx_word' id='word_1_265' title='bbox 1123 2366 1229 2424; x_wconf 88' lang='lat' dir='ltr'>Spiritus</span> 
     </span>
     <span class='ocr_line' id='line_1_29' title="bbox 141 2431 1228 2492; baseline -0.001 -16"><span class='ocrx_word' id='word_1_266' title='bbox 141 2442 214 2478; x_wconf 92' lang='lat' dir='ltr'>sensu</span> <span class='ocrx_word' id='word_1_267' title='bbox 223 2431 343 2491; x_wconf 84' lang='lat' dir='ltr'>profundo</span> <span class='ocrx_word' id='word_1_268' title='bbox 354 2431 477 2480; x_wconf 83' lang='lat' dir='ltr'>etuirtutc</span> <span class='ocrx_word' id='word_1_269' title='bbox 484 2431 669 2478; x_wconf 88' lang='lat' dir='ltr'>sententiarum.</span> <span class='ocrx_word' id='word_1_270' title='bbox 693 2435 793 2488; x_wconf 71' lang='lat' dir='ltr'>sanetus</span> <span class='ocrx_word' id='word_1_271' title='bbox 812 2434 902 2482; x_wconf 78' lang='lat' dir='ltr'>obtulit</span> <span class='ocrx_word' id='word_1_272' title='bbox 920 2434 991 2481; x_wconf 80' lang='lat' dir='ltr'>nobis</span> <span class='ocrx_word' id='word_1_273' title='bbox 1010 2434 1158 2490; x_wconf 79' lang='lat' dir='ltr'>lectionem,</span> <span class='ocrx_word' id='word_1_274' title='bbox 1179 2446 1228 2492; x_wconf 84' lang='lat' dir='ltr'>qua</span> 
     </span>
     <span class='ocr_line' id='line_1_30' title="bbox 141 2498 1228 2558; baseline 0.002 -13"><span class='ocrx_word' id='word_1_275' title='bbox 141 2499 296 2548; x_wconf 67' lang='lat' dir='ltr'>advertimus</span> <span class='ocrx_word' id='word_1_276' title='bbox 306 2501 373 2548; x_wconf 90' lang='lat' dir='ltr'>enim</span> <span class='ocrx_word' id='word_1_277' title='bbox 392 2513 425 2546; x_wconf 85' lang='lat' dir='ltr'>ex</span> <span class='ocrx_word' id='word_1_278' title='bbox 439 2499 479 2546; x_wconf 82' lang='lat' dir='ltr'>llis</span> <span class='ocrx_word' id='word_1_279' title='bbox 489 2512 543 2558; x_wconf 80' lang='lat' dir='ltr'>quae</span> <span class='ocrx_word' id='word_1_280' title='bbox 561 2498 672 2546; x_wconf 82' lang='lat' dir='ltr'>breviter</span> <span class='ocrx_word' id='word_1_281' title='bbox 696 2503 894 2549; x_wconf 83' lang='lat' dir='ltr'>confirmaremur</span> <span class='ocrx_word' id='word_1_282' title='bbox 905 2504 980 2550; x_wconf 88' lang='lat' dir='ltr'>etiam</span> <span class='ocrx_word' id='word_1_283' title='bbox 991 2502 1018 2547; x_wconf 93' lang='lat' dir='ltr'>iu</span> <span class='ocrx_word' id='word_1_284' title='bbox 1033 2502 1103 2548; x_wconf 90' lang='lat' dir='ltr'>nobis</span> <span class='ocrx_word' id='word_1_285' title='bbox 1115 2500 1228 2547; x_wconf 81' lang='lat' dir='ltr'>Officium</span> 
     </span>
     <span class='ocr_line' id='line_1_31' title="bbox 141 2562 1228 2628; baseline 0.002 -15"><span class='ocrx_word' id='word_1_286' title='bbox 141 2568 287 2626; x_wconf 86' lang='lat' dir='ltr'>libavimus,</span> <span class='ocrx_word' id='word_1_287' title='bbox 309 2569 334 2616; x_wconf 85' lang='lat' dir='ltr'>et</span> <span class='ocrx_word' id='word_1_288' title='bbox 355 2568 444 2616; x_wconf 85' lang='lat' dir='ltr'>silendi</span> <span class='ocrx_word' id='word_1_289' title='bbox 465 2566 626 2625; x_wconf 88' lang='lat' dir='ltr'>patientiam,</span> <span class='ocrx_word' id='word_1_290' title='bbox 646 2567 672 2612; x_wconf 90' lang='lat' dir='ltr'>et</span> <span class='ocrx_word' id='word_1_291' title='bbox 697 2570 746 2615; x_wconf 93' lang='lat' dir='ltr'>dici</span> <span class='ocrx_word' id='word_1_292' title='bbox 758 2581 836 2628; x_wconf 91' lang='lat' dir='ltr'>posse.</span> <span class='ocrx_word' id='word_1_293' title='bbox 848 2562 974 2615; x_wconf 86' lang='lat' dir='ltr'>Namcum</span> <span class='ocrx_word' id='word_1_294' title='bbox 982 2568 1228 2615; x_wconf 83' lang='lat' dir='ltr'>Zachariassaccrdos</span> 
     </span>
     <span class='ocr_line' id='line_1_32' title="bbox 142 2621 1249 2696; baseline -0.001 -13"><span class='ocrx_word' id='word_1_295' title='bbox 142 2636 350 2694; x_wconf 90' lang='lat' dir='ltr'>opportunitatem</span> <span class='ocrx_word' id='word_1_296' title='bbox 364 2634 496 2694; x_wconf 87' lang='lat' dir='ltr'>loquendi,</span> <span class='ocrx_word' id='word_1_297' title='bbox 508 2635 534 2680; x_wconf 88' lang='lat' dir='ltr'>et</span> <span class='ocrx_word' id='word_1_298' title='bbox 551 2634 578 2679; x_wconf 91' lang='lat' dir='ltr'>in</span> <span class='ocrx_word' id='word_1_299' title='bbox 589 2633 672 2692; x_wconf 88' lang='lat' dir='ltr'>poste·</span> <span class='ocrx_word' id='word_1_300' title='bbox 697 2637 859 2684; x_wconf 82' lang='lat' dir='ltr'>obmutuisset</span> <span class='ocrx_word' id='word_1_301' title='bbox 878 2637 1019 2696; x_wconf 84' lang='lat' dir='ltr'>intemplo,</span> <span class='ocrx_word' id='word_1_302' title='bbox 1039 2637 1065 2682; x_wconf 91' lang='lat' dir='ltr'>et</span> <span class='ocrx_word' id='word_1_303' title='bbox 1081 2632 1151 2694; x_wconf 85' lang='lat' dir='ltr'>loqui</span> <span class='ocrx_word' id='word_1_304' title='bbox 1179 2621 1249 2683; x_wconf 76' lang='lat' dir='ltr'>non&#39;</span> 
     </span>
     <span class='ocr_line' id='line_1_33' title="bbox 142 2701 1230 2765; baseline 0.001 -15"><span class='ocrx_word' id='word_1_305' title='bbox 142 2703 248 2752; x_wconf 87' lang='lat' dir='ltr'>rioribus</span> <span class='ocrx_word' id='word_1_306' title='bbox 267 2701 595 2758; x_wconf 84' lang='lat' dir='ltr'>contemtumdivitiarum,</span> <span class='ocrx_word' id='word_1_307' title='bbox 618 2714 678 2760; x_wconf 69' lang='lat' dir='ltr'>que</span> <span class='ocrx_word' id='word_1_308' title='bbox 697 2707 778 2765; x_wconf 89' lang='lat' dir='ltr'>posset</span> <span class='ocrx_word' id='word_1_309' title='bbox 797 2707 916 2752; x_wconf 80' lang='lat' dir='ltr'>:Factum</span> <span class='ocrx_word' id='word_1_310' title='bbox 926 2707 972 2762; x_wconf 80' lang='lat' dir='ltr'>eet,</span> <span class='ocrx_word' id='word_1_311' title='bbox 992 2703 1086 2763; x_wconf 85' lang='lat' dir='ltr'>inquit,</span> <span class='ocrx_word' id='word_1_312' title='bbox 1104 2705 1230 2763; x_wconf 81' lang='lat' dir='ltr'>uttmpieti</span> 
     </span>
     <span class='ocr_line' id='line_1_34' title="bbox 141 2771 1229 2833; baseline -0.001 -12"><span class='ocrx_word' id='word_1_313' title='bbox 141 2771 672 2830; x_wconf 81' lang='lat' dir='ltr'>maximauirtutumtundamentasunt,boc</span> <span class='ocrx_word' id='word_1_314' title='bbox 696 2777 750 2822; x_wconf 84' lang='lat' dir='ltr'>sunt</span> <span class='ocrx_word' id='word_1_315' title='bbox 771 2776 819 2822; x_wconf 81' lang='lat' dir='ltr'>dics</span> <span class='ocrx_word' id='word_1_316' title='bbox 834 2774 910 2833; x_wconf 74' lang='lat' dir='ltr'>Officii</span> <span class='ocrx_word' id='word_1_317' title='bbox 928 2773 978 2832; x_wconf 79' lang='lat' dir='ltr'>ejus</span> <span class='ocrx_word' id='word_1_318' title='bbox 984 2805 993 2830; x_wconf 88' lang='lat'><strong><em>,</em></strong></span> <span class='ocrx_word' id='word_1_319' title='bbox 1015 2772 1073 2820; x_wconf 83' lang='lat' dir='ltr'>abiit</span> <span class='ocrx_word' id='word_1_320' title='bbox 1090 2775 1116 2818; x_wconf 83' lang='lat' dir='ltr'>iu</span> <span class='ocrx_word' id='word_1_321' title='bbox 1133 2775 1229 2821; x_wconf 87' lang='lat' dir='ltr'>domum</span> 
     </span>
     <span class='ocr_line' id='line_1_35' title="bbox 140 2839 1297 2904; baseline -0.008 -14"><span class='ocrx_word' id='word_1_322' title='bbox 140 2843 234 2904; x_wconf 89' lang='lat' dir='ltr'>psalmo</span> <span class='ocrx_word' id='word_1_323' title='bbox 252 2843 418 2891; x_wconf 76' lang='lat' dir='ltr'>dotcrinam</span> <span class='ocrx_word' id='word_1_324' title='bbox 430 2841 505 2900; x_wconf 77' lang='lat' dir='ltr'>igitur</span> <span class='ocrx_word' id='word_1_325' title='bbox 521 2840 588 2887; x_wconf 92' lang='lat' dir='ltr'>bunc</span> <span class='ocrx_word' id='word_1_326' title='bbox 607 2841 673 2900; x_wconf 90' lang='lat' dir='ltr'>psal·</span> <span class='ocrx_word' id='word_1_327' title='bbox 696 2857 773 2892; x_wconf 69' lang='lat' dir='ltr'>ecam.</span> <span class='ocrx_word' id='word_1_328' title='bbox 790 2843 904 2902; x_wconf 80' lang='lat' dir='ltr'>Legimus</span> <span class='ocrx_word' id='word_1_329' title='bbox 924 2842 1000 2901; x_wconf 77' lang='lat' dir='ltr'>igitur</span> <span class='ocrx_word' id='word_1_330' title='bbox 1021 2839 1134 2888; x_wconf 84' lang='lat' dir='ltr'>Otticiurn</span> <span class='ocrx_word' id='word_1_331' title='bbox 1152 2841 1227 2888; x_wconf 83' lang='lat' dir='ltr'>dicia</span> <span class='ocrx_word' id='word_1_332' title='bbox 1294 2877 1297 2881; x_wconf 88' lang='lat'>.</span> 
     </span>
     <span class='ocr_line' id='line_1_36' title="bbox 141 2908 857 2979; baseline 0.001 -20"><span class='ocrx_word' id='word_1_333' title='bbox 141 2925 210 2960; x_wconf 89' lang='lat' dir='ltr'>mum</span> <span class='ocrx_word' id='word_1_334' title='bbox 221 2912 347 2961; x_wconf 86' lang='lat' dir='ltr'>considero</span> <span class='ocrx_word' id='word_1_335' title='bbox 355 2943 362 2969; x_wconf 88' lang='lat'><strong>‚</strong></span> <span class='ocrx_word' id='word_1_336' title='bbox 370 2909 488 2979; x_wconf 77' lang='lat' dir='ltr'>successit</span> <span class='ocrx_word' id='word_1_337' title='bbox 498 2909 581 2956; x_wconf 89' lang='lat' dir='ltr'>animo</span> <span class='ocrx_word' id='word_1_338' title='bbox 589 2908 620 2956; x_wconf 87' lang='lat' dir='ltr'>de</span> <span class='ocrx_word' id='word_1_339' title='bbox 629 2908 672 2955; x_wconf 85' lang='lat' dir='ltr'>Ol·</span> <span class='ocrx_word' id='word_1_340' title='bbox 696 2914 767 2961; x_wconf 90' lang='lat' dir='ltr'>nobis</span> <span class='ocrx_word' id='word_1_341' title='bbox 778 2926 857 2973; x_wconf 88' lang='lat' dir='ltr'>posse.</span> 
     </span>
     <span class='ocr_line' id='line_1_37' title="bbox 141 2979 1228 3043; baseline -0.002 -16"><span class='ocrx_word' id='word_1_342' title='bbox 141 2981 205 3029; x_wconf 82' lang='lat' dir='ltr'>ficiis</span> <span class='ocrx_word' id='word_1_343' title='bbox 218 2979 346 3029; x_wconf 75' lang='lat' dir='ltr'>scribere</span> <span class='ocrx_word' id='word_1_344' title='bbox 726 2983 764 3030; x_wconf 74' lang='lat'>26.</span> <span class='ocrx_word' id='word_1_345' title='bbox 776 2984 825 3029; x_wconf 88' lang='lat' dir='ltr'>Nec</span> <span class='ocrx_word' id='word_1_346' title='bbox 836 2981 899 3030; x_wconf 91' lang='lat' dir='ltr'>ratio</span> <span class='ocrx_word' id='word_1_347' title='bbox 913 2981 965 3041; x_wconf 91' lang='lat' dir='ltr'>ipsa</span> <span class='ocrx_word' id='word_1_348' title='bbox 975 2980 1105 3039; x_wconf 84' lang='lat' dir='ltr'>abhorret,</span> <span class='ocrx_word' id='word_1_349' title='bbox 1117 2979 1228 3043; x_wconf 88' lang='lat' dir='ltr'>quando-</span> 
     </span>
     <span class='ocr_line' id='line_1_38' title="bbox 170 3047 1225 3110; baseline -0.002 -14"><span class='ocrx_word' id='word_1_350' title='bbox 170 3048 210 3096; x_wconf 74' lang='lat' dir='ltr'>ab.</span> <span class='ocrx_word' id='word_1_351' title='bbox 220 3051 256 3098; x_wconf 88' lang='lat' dir='ltr'>De</span> <span class='ocrx_word' id='word_1_352' title='bbox 267 3050 358 3110; x_wconf 88' lang='lat' dir='ltr'>quibus</span> <span class='ocrx_word' id='word_1_353' title='bbox 369 3048 464 3098; x_wconf 84' lang='lat' dir='ltr'>etiamsi</span> <span class='ocrx_word' id='word_1_354' title='bbox 479 3048 579 3109; x_wconf 87' lang='lat' dir='ltr'>quidam</span> <span class='ocrx_word' id='word_1_355' title='bbox 589 3048 672 3096; x_wconf 84' lang='lat' dir='ltr'>Philo·</span> <span class='ocrx_word' id='word_1_356' title='bbox 696 3050 795 3109; x_wconf 85' lang='lat' dir='ltr'>quidem</span> <span class='ocrx_word' id='word_1_357' title='bbox 809 3048 923 3096; x_wconf 82' lang='lat' dir='ltr'>Officium</span> <span class='ocrx_word' id='word_1_358' title='bbox 938 3050 969 3095; x_wconf 89' lang='lat' dir='ltr'>ab</span> <span class='ocrx_word' id='word_1_359' title='bbox 984 3047 1114 3096; x_wconf 84' lang='lat' dir='ltr'>efficiendo</span> <span class='ocrx_word' id='word_1_360' title='bbox 1132 3047 1225 3094; x_wconf 90' lang='lat' dir='ltr'>dictum</span> 
     </span>
     <span class='ocr_line' id='line_1_39' title="bbox 142 3116 1228 3180; baseline -0.002 -14"><span class='ocrx_word' id='word_1_361' title='bbox 142 3119 233 3180; x_wconf 86' lang='lat' dir='ltr'>sophiae</span> <span class='ocrx_word' id='word_1_362' title='bbox 244 3119 370 3167; x_wconf 87' lang='lat' dir='ltr'>studentes</span> <span class='ocrx_word' id='word_1_363' title='bbox 384 3119 541 3178; x_wconf 87' lang='lat' dir='ltr'>scripserint,</span> <span class='ocrx_word' id='word_1_364' title='bbox 552 3118 581 3164; x_wconf 93' lang='lat' dir='ltr'>ut</span> <span class='ocrx_word' id='word_1_365' title='bbox 589 3119 672 3164; x_wconf 86' lang='lat' dir='ltr'>Panae·</span> <span class='ocrx_word' id='word_1_366' title='bbox 696 3119 824 3178; x_wconf 86' lang='lat' dir='ltr'>putamus,</span> <span class='ocrx_word' id='word_1_367' title='bbox 837 3116 907 3179; x_wconf 79' lang='lat' dir='ltr'>quasi</span> <span class='ocrx_word' id='word_1_368' title='bbox 930 3117 1039 3165; x_wconf 81' lang='lat' dir='ltr'>efficium</span> <span class='ocrx_word' id='word_1_369' title='bbox 1049 3131 1056 3162; x_wconf 79' lang='lat' dir='ltr'>t</span> <span class='ocrx_word' id='word_1_370' title='bbox 1066 3117 1110 3165; x_wconf 89' lang='lat' dir='ltr'>sed</span> <span class='ocrx_word' id='word_1_371' title='bbox 1127 3119 1228 3176; x_wconf 86' lang='lat' dir='ltr'>propter</span> 
     </span>
     <span class='ocr_line' id='line_1_40' title="bbox 141 3184 1226 3246; baseline -0.003 -11"><span class='ocrx_word' id='word_1_372' title='bbox 141 3187 238 3246; x_wconf 87' lang='lat' dir='ltr'>tius,et</span> <span class='ocrx_word' id='word_1_373' title='bbox 246 3187 371 3246; x_wconf 76' lang='lat' dir='ltr'>filiuseius</span> <span class='ocrx_word' id='word_1_374' title='bbox 379 3187 443 3246; x_wconf 90' lang='lat' dir='ltr'>apud</span> <span class='ocrx_word' id='word_1_375' title='bbox 451 3184 671 3244; x_wconf 81' lang='lat' dir='ltr'>Graecos’,&#39;lullius</span> <span class='ocrx_word' id='word_1_376' title='bbox 696 3186 1226 3243; x_wconf 89' lang='lat' dir='ltr'>decoremsermonisunaimmutatalittera‚</span> 
     </span>
     <span class='ocr_line' id='line_1_41' title="bbox 141 3253 1227 3316; baseline -0.001 -14"><span class='ocrx_word' id='word_1_377' title='bbox 141 3257 206 3316; x_wconf 88' lang='lat' dir='ltr'>apud</span> <span class='ocrx_word' id='word_1_378' title='bbox 213 3257 324 3315; x_wconf 81' lang='lat' dir='ltr'>Latinos3</span> <span class='ocrx_word' id='word_1_379' title='bbox 338 3268 387 3303; x_wconf 94' lang='lat' dir='ltr'>non</span> <span class='ocrx_word' id='word_1_380' title='bbox 398 3256 507 3301; x_wconf 88' lang='lat' dir='ltr'>alienum</span> <span class='ocrx_word' id='word_1_381' title='bbox 519 3253 580 3300; x_wconf 85' lang='lat' dir='ltr'>duxi</span> <span class='ocrx_word' id='word_1_382' title='bbox 591 3266 603 3299; x_wconf 98' lang='lat' dir='ltr'>a</span> <span class='ocrx_word' id='word_1_383' title='bbox 615 3266 671 3300; x_wconf 89' lang='lat' dir='ltr'>nos·</span> <span class='ocrx_word' id='word_1_384' title='bbox 696 3258 804 3306; x_wconf 88' lang='lat' dir='ltr'>ollicium</span> <span class='ocrx_word' id='word_1_385' title='bbox 819 3257 955 3316; x_wconf 87' lang='lat' dir='ltr'>nuncupari</span> <span class='ocrx_word' id='word_1_386' title='bbox 967 3269 974 3301; x_wconf 80' lang='lat' dir='ltr'>r</span> <span class='ocrx_word' id='word_1_387' title='bbox 984 3257 1024 3304; x_wconf 85' lang='lat' dir='ltr'>vel</span> <span class='ocrx_word' id='word_1_388' title='bbox 1045 3256 1127 3314; x_wconf 87' lang='lat' dir='ltr'>certe,</span> <span class='ocrx_word' id='word_1_389' title='bbox 1149 3255 1178 3301; x_wconf 91' lang='lat' dir='ltr'>ut</span> <span class='ocrx_word' id='word_1_390' title='bbox 1197 3267 1227 3302; x_wconf 89' lang='lat' dir='ltr'>ea</span> 
     </span>
     <span class='ocr_line' id='line_1_42' title="bbox 141 3321 1224 3384; baseline -0.003 -13"><span class='ocrx_word' id='word_1_391' title='bbox 141 3326 178 3371; x_wconf 89' lang='lat' dir='ltr'>tro</span> <span class='ocrx_word' id='word_1_392' title='bbox 188 3337 306 3383; x_wconf 82' lang='lat' dir='ltr'>munere,</span> <span class='ocrx_word' id='word_1_393' title='bbox 324 3325 352 3370; x_wconf 92' lang='lat' dir='ltr'>ut</span> <span class='ocrx_word' id='word_1_394' title='bbox 363 3324 438 3371; x_wconf 86' lang='lat' dir='ltr'>etiam</span> <span class='ocrx_word' id='word_1_395' title='bbox 458 3323 510 3382; x_wconf 89' lang='lat' dir='ltr'>ipse</span> <span class='ocrx_word' id='word_1_396' title='bbox 528 3322 669 3368; x_wconf 89' lang='lat' dir='ltr'>scriberem.</span> <span class='ocrx_word' id='word_1_397' title='bbox 696 3337 765 3384; x_wconf 79' lang='lat' dir='ltr'>agas,</span> <span class='ocrx_word' id='word_1_398' title='bbox 781 3337 837 3384; x_wconf 85' lang='lat' dir='ltr'>quae</span> <span class='ocrx_word' id='word_1_399' title='bbox 854 3322 1053 3381; x_wconf 85' lang='lat' dir='ltr'>nulliotticiant‚</span> <span class='ocrx_word' id='word_1_400' title='bbox 1064 3321 1160 3381; x_wconf 89' lang='lat' dir='ltr'>prosint</span> <span class='ocrx_word' id='word_1_401' title='bbox 1171 3333 1224 3368; x_wconf 90' lang='lat' dir='ltr'>om-</span> 
     </span>
     <span class='ocr_line' id='line_1_43' title="bbox 141 3389 961 3440; baseline 0.001 -2"><span class='ocrx_word' id='word_1_402' title='bbox 141 3389 670 3440; x_wconf 60' lang='lat' dir='ltr'>Etsicut&#39;l&#39;ulliusaderudiendumliliuffl:</span> <span class='ocrx_word' id='word_1_403' title='bbox 696 3393 777 3440; x_wconf 88' lang='lat' dir='ltr'>nibus.</span> <span class='ocrx_word' id='word_1_404' title='bbox 958 3400 961 3405; x_wconf 85' lang='grc'><strong>’</strong></span> 
     </span>
     <span class='ocr_line' id='line_1_44' title="bbox 141 3458 671 3521; baseline 0 -14"><span class='ocrx_word' id='word_1_405' title='bbox 141 3462 176 3507; x_wconf 89' lang='lat' dir='ltr'>ita</span> <span class='ocrx_word' id='word_1_406' title='bbox 185 3474 228 3520; x_wconf 79' lang='lat' dir='ltr'>ego</span> <span class='ocrx_word' id='word_1_407' title='bbox 239 3475 336 3521; x_wconf 88' lang='lat' dir='ltr'>quoque</span> <span class='ocrx_word' id='word_1_408' title='bbox 344 3462 375 3508; x_wconf 88' lang='lat' dir='ltr'>ad</span> <span class='ocrx_word' id='word_1_409' title='bbox 384 3473 428 3507; x_wconf 85' lang='lat' dir='ltr'>vos</span> <span class='ocrx_word' id='word_1_410' title='bbox 437 3458 601 3507; x_wconf 82' lang='lat' dir='ltr'>informandos</span> <span class='ocrx_word' id='word_1_411' title='bbox 608 3459 671 3507; x_wconf 86' lang='lat' dir='ltr'>tilios</span> 
     </span>
     <span class='ocr_line' id='line_1_45' title="bbox 141 3528 1064 3592; baseline 0.002 -18"><span class='ocrx_word' id='word_1_412' title='bbox 141 3541 224 3588; x_wconf 80' lang='lat' dir='ltr'>meos3</span> <span class='ocrx_word' id='word_1_413' title='bbox 244 3531 412 3589; x_wconf 82' lang='lat' dir='ltr'>nequeenim</span> <span class='ocrx_word' id='word_1_414' title='bbox 433 3529 515 3577; x_wconf 87' lang='lat' dir='ltr'>minus</span> <span class='ocrx_word' id='word_1_415' title='bbox 534 3541 577 3578; x_wconf 85' lang='lat' dir='ltr'>vos</span> <span class='ocrx_word' id='word_1_416' title='bbox 596 3528 671 3589; x_wconf 79' lang='lat' dir='ltr'>diligo</span> <span class='ocrx_word' id='word_1_417' title='bbox 866 3536 992 3592; x_wconf 73' lang='lat' dir='ltr'>CAPUT</span> <span class='ocrx_word' id='word_1_418' title='bbox 1011 3535 1064 3586; x_wconf 80' lang='lat' dir='ltr'>lx,</span> 
     </span>
     <span class='ocr_line' id='line_1_46' title="bbox 142 3597 671 3658; baseline 0.002 -14"><span class='ocrx_word' id='word_1_419' title='bbox 142 3610 204 3658; x_wconf 89' lang='lat' dir='ltr'>quos</span> <span class='ocrx_word' id='word_1_420' title='bbox 215 3597 241 3644; x_wconf 93' lang='lat' dir='ltr'>in</span> <span class='ocrx_word' id='word_1_421' title='bbox 251 3598 381 3657; x_wconf 69' lang='lat' dir='ltr'>Evangelio</span> <span class='ocrx_word' id='word_1_422' title='bbox 399 3599 487 3658; x_wconf 77' lang='lat' dir='ltr'>genui,</span> <span class='ocrx_word' id='word_1_423' title='bbox 498 3609 572 3658; x_wconf 88' lang='lat' dir='ltr'>quam</span> <span class='ocrx_word' id='word_1_424' title='bbox 583 3599 604 3644; x_wconf 93' lang='lat' dir='ltr'>si</span> <span class='ocrx_word' id='word_1_425' title='bbox 615 3611 671 3645; x_wconf 90' lang='lat' dir='ltr'>con·</span> 
     </span>
    </p>
   </div>
   <div class='ocr_carea' id='block_1_7' title="bbox 937 3457 1002 3470">
    <p class='ocr_par' dir='ltr' id='par_1_7' title="bbox 937 3457 1002 3470">
     <span class='ocr_line' id='line_1_47' title="bbox 937 3457 1002 3470; baseline -0.031 0"><span class='ocrx_word' id='word_1_426' title='bbox 937 3457 1002 3470; x_wconf 73' lang='lat'><em>-</em></span> 
     </span>
    </p>
   </div>
   <div class='ocr_carea' id='block_1_8' title="bbox 697 3628 1228 3741">
    <p class='ocr_par' dir='ltr' id='par_1_8' title="bbox 697 3628 1228 3741">
     <span class='ocr_line' id='line_1_48' title="bbox 697 3628 1228 3687; baseline -0.021 -3"><span class='ocrx_word' id='word_1_427' title='bbox 697 3644 801 3684; x_wconf 80' lang='lat' dir='ltr'>Officium</span> <span class='ocrx_word' id='word_1_428' title='bbox 813 3643 839 3680; x_wconf 87' lang='lat' dir='ltr'>ab</span> <span class='ocrx_word' id='word_1_429' title='bbox 852 3628 938 3681; x_wconf 82' lang='lat' dir='ltr'>honesto</span> <span class='ocrx_word' id='word_1_430' title='bbox 946 3648 967 3680; x_wconf 83' lang='lat' dir='ltr'>el</span> <span class='ocrx_word' id='word_1_431' title='bbox 975 3643 1037 3687; x_wconf 75' lang='lat' dir='ltr'>utin,</span> <span class='ocrx_word' id='word_1_432' title='bbox 1046 3647 1130 3678; x_wconf 86' lang='lat' dir='ltr'>necnon</span> <span class='ocrx_word' id='word_1_433' title='bbox 1143 3638 1169 3674; x_wconf 84' lang='lat' dir='ltr'>ab</span> <span class='ocrx_word' id='word_1_434' title='bbox 1183 3647 1228 3674; x_wconf 85' lang='lat' dir='ltr'>am-</span> 
     </span>
     <span class='ocr_line' id='line_1_49' title="bbox 719 3691 1228 3741; baseline -0.014 -8"><span class='ocrx_word' id='word_1_435' title='bbox 719 3698 800 3734; x_wconf 89' lang='lat' dir='ltr'>borum</span> <span class='ocrx_word' id='word_1_436' title='bbox 809 3697 866 3732; x_wconf 83' lang='lat' dir='ltr'>inter</span> <span class='ocrx_word' id='word_1_437' title='bbox 874 3705 896 3732; x_wconf 86' lang='lat' dir='ltr'>se</span> <span class='ocrx_word' id='word_1_438' title='bbox 908 3696 1066 3741; x_wconf 81' lang='lat' dir='ltr'>comparatione</span> <span class='ocrx_word' id='word_1_439' title='bbox 1081 3691 1164 3729; x_wconf 83' lang='lat' dir='ltr'>desumi</span> <span class='ocrx_word' id='word_1_440' title='bbox 1174 3700 1180 3727; x_wconf 80' lang='lat' dir='ltr'>t</span> <span class='ocrx_word' id='word_1_441' title='bbox 1193 3691 1228 3727; x_wconf 84' lang='lat' dir='ltr'>sed</span> 
     </span>
    </p>
   </div>
   <div class='ocr_carea' id='block_1_9' title="bbox 163 3717 1227 3793">
    <p class='ocr_par' dir='ltr' id='par_1_9' title="bbox 163 3717 1227 3793">
     <span class='ocr_line' id='line_1_50' title="bbox 163 3717 1227 3793; baseline -0.007 -8"><span class='ocrx_word' id='word_1_442' title='bbox 163 3717 305 3759; x_wconf 54' lang='lat' dir='ltr'>‘Panaefium&#39;</span> <span class='ocrx_word' id='word_1_443' title='bbox 313 3717 374 3763; x_wconf 62' lang='lat' dir='ltr'>culm</span> <span class='ocrx_word' id='word_1_444' title='bbox 381 3719 512 3755; x_wconf 59' lang='lat' dir='ltr'><strong>mmmm</strong></span> <span class='ocrx_word' id='word_1_445' title='bbox 520 3727 564 3755; x_wconf 71' lang='lat'>¹¹⁰⁰</span> <span class='ocrx_word' id='word_1_446' title='bbox 572 3726 617 3755; x_wconf 69' lang='lat'>¹¹⁰⁰</span> <span class='ocrx_word' id='word_1_447' title='bbox 625 3719 671 3754; x_wconf 62' lang='lat'>¹⁰⁶⁰</span> <span class='ocrx_word' id='word_1_448' title='bbox 719 3747 862 3785; x_wconf 85' lang='lat' dir='ltr'>aCbrislianis</span> <span class='ocrx_word' id='word_1_449' title='bbox 872 3747 928 3783; x_wconf 88' lang='lat' dir='ltr'>nibli</span> <span class='ocrx_word' id='word_1_450' title='bbox 940 3746 999 3793; x_wconf 83' lang='lat' dir='ltr'>quod</span> <span class='ocrx_word' id='word_1_451' title='bbox 1010 3746 1037 3782; x_wconf 81' lang='lat' dir='ltr'>sd</span> <span class='ocrx_word' id='word_1_452' title='bbox 1047 3746 1147 3783; x_wconf 81' lang='lat' dir='ltr'>futuram</span> <span class='ocrx_word' id='word_1_453' title='bbox 1161 3743 1227 3780; x_wconf 85' lang='lat' dir='ltr'>vitam</span> 
     </span>
    </p>
   </div>
   <div class='ocr_carea' id='block_1_10' title="bbox 140 3769 672 3982">
    <p class='ocr_par' dir='ltr' id='par_1_10' title="bbox 140 3769 672 3982">
     <span class='ocr_line' id='line_1_51' title="bbox 141 3769 671 3819; baseline -0.006 -9"><span class='ocrx_word' id='word_1_454' title='bbox 141 3771 228 3811; x_wconf 80' lang='lat' dir='ltr'>Tullius</span> <span class='ocrx_word' id='word_1_455' title='bbox 243 3769 304 3819; x_wconf 85' lang='lat' dir='ltr'>tacit,</span> <span class='ocrx_word' id='word_1_456' title='bbox 316 3769 412 3808; x_wconf 76' lang='lat' dir='ltr'>Rhodius</span> <span class='ocrx_word' id='word_1_457' title='bbox 428 3771 476 3809; x_wconf 84' lang='lat' dir='ltr'>fuit.</span> <span class='ocrx_word' id='word_1_458' title='bbox 493 3771 524 3808; x_wconf 80' lang='lat' dir='ltr'>no</span> <span class='ocrx_word' id='word_1_459' title='bbox 538 3770 584 3808; x_wconf 85' lang='lat' dir='ltr'>filio</span> <span class='ocrx_word' id='word_1_460' title='bbox 599 3775 671 3808; x_wconf 88' lang='lat' dir='ltr'>autern</span> 
     </span>
     <span class='ocr_line' id='line_1_52' title="bbox 140 3822 672 3873; baseline -0.004 -11"><span class='ocrx_word' id='word_1_461' title='bbox 140 3827 186 3873; x_wconf 80' lang='lat' dir='ltr'>ejus</span> <span class='ocrx_word' id='word_1_462' title='bbox 193 3826 233 3873; x_wconf 85' lang='lat' dir='ltr'>qui</span> <span class='ocrx_word' id='word_1_463' title='bbox 239 3824 344 3873; x_wconf 76' lang='lat' dir='ltr'>scripserit</span> <span class='ocrx_word' id='word_1_464' title='bbox 350 3823 440 3872; x_wconf 85' lang='lat' dir='ltr'>aliquid,</span> <span class='ocrx_word' id='word_1_465' title='bbox 445 3827 525 3871; x_wconf 86' lang='lat' dir='ltr'>praeter</span> <span class='ocrx_word' id='word_1_466' title='bbox 533 3822 672 3861; x_wconf 79' lang='lat' dir='ltr'>Ambrosium</span> 
     </span>
     <span class='ocr_line' id='line_1_53' title="bbox 141 3877 671 3927; baseline -0.004 -10"><span class='ocrx_word' id='word_1_467' title='bbox 141 3881 197 3918; x_wconf 85' lang='lat' dir='ltr'>torte</span> <span class='ocrx_word' id='word_1_468' title='bbox 208 3879 298 3927; x_wconf 86' lang='lat' dir='ltr'>reperias</span> <span class='ocrx_word' id='word_1_469' title='bbox 308 3879 429 3924; x_wconf 83' lang='lat' dir='ltr'>neminem,</span> <span class='ocrx_word' id='word_1_470' title='bbox 442 3877 481 3916; x_wconf 86' lang='lat' dir='ltr'>nisi</span> <span class='ocrx_word' id='word_1_471' title='bbox 492 3877 540 3926; x_wconf 89' lang='lat' dir='ltr'>quis</span> <span class='ocrx_word' id='word_1_472' title='bbox 551 3881 589 3914; x_wconf 87' lang='lat' dir='ltr'>ant</span> <span class='ocrx_word' id='word_1_473' title='bbox 603 3877 671 3915; x_wconf 81' lang='lat' dir='ltr'>Possi-</span> 
     </span>
     <span class='ocr_line' id='line_1_54' title="bbox 142 3931 671 3982; baseline -0.006 -11"><span class='ocrx_word' id='word_1_474' title='bbox 142 3935 231 3973; x_wconf 86' lang='lat' dir='ltr'>doniurn</span> <span class='ocrx_word' id='word_1_475' title='bbox 245 3934 290 3981; x_wconf 79' lang='lat' dir='ltr'>elus</span> <span class='ocrx_word' id='word_1_476' title='bbox 306 3933 467 3982; x_wconf 71' lang='lat' dir='ltr'>discipulorum</span> <span class='ocrx_word' id='word_1_477' title='bbox 482 3942 622 3970; x_wconf 77' lang='lat' dir='ltr'>successorem</span> <span class='ocrx_word' id='word_1_478' title='bbox 633 3931 671 3969; x_wconf 91' lang='lat' dir='ltr'>in-</span> 
     </span>
    </p>
   </div>
   <div class='ocr_carea' id='block_1_11' title="bbox 142 3986 1224 4081">
    <p class='ocr_par' dir='ltr' id='par_1_11' title="bbox 142 3986 1224 4081">
     <span class='ocr_line' id='line_1_55' title="bbox 142 3986 1224 4081; baseline -0.002 -57"><span class='ocrx_word' id='word_1_479' title='bbox 142 3989 233 4081; x_wconf 43' lang='lat' dir='ltr'>heltloigan</span> <span class='ocrx_word' id='word_1_480' title='bbox 246 3990 280 4026; x_wconf 85' lang='lat' dir='ltr'>vel</span> <span class='ocrx_word' id='word_1_481' title='bbox 289 3988 417 4026; x_wconf 82' lang='lat' dir='ltr'>Hecatonem</span> <span class='ocrx_word' id='word_1_482' title='bbox 432 3986 517 4025; x_wconf 82' lang='lat' dir='ltr'>Panaetii</span> <span class='ocrx_word' id='word_1_483' title='bbox 527 3996 614 4036; x_wconf 78' lang='lat' dir='ltr'>quoque</span> <span class='ocrx_word' id='word_1_484' title='bbox 629 3997 670 4024; x_wconf 83' lang='lat' dir='ltr'>au·</span> <span class='ocrx_word' id='word_1_485' title='bbox 726 4003 763 4052; x_wconf 67' lang='lat'>27¹</span> <span class='ocrx_word' id='word_1_486' title='bbox 774 4005 879 4052; x_wconf 64' lang='lat' dir='ltr'><strong>offlcm</strong></span> <span class='ocrx_word' id='word_1_487' title='bbox 890 4005 972 4053; x_wconf 63' lang='lat' dir='ltr'><strong>autem</strong></span> <span class='ocrx_word' id='word_1_488' title='bbox 981 4003 1011 4051; x_wconf 62' lang='lat' dir='ltr'>ab</span> <span class='ocrx_word' id='word_1_489' title='bbox 1019 4004 1121 4052; x_wconf 57' lang='lat' dir='ltr'>honesto</span> <span class='ocrx_word' id='word_1_490' title='bbox 1127 4003 1153 4050; x_wconf 62' lang='lat' dir='ltr'>et</span> <span class='ocrx_word' id='word_1_491' title='bbox 1165 4001 1224 4049; x_wconf 56' lang='lat' dir='ltr'>uffl&#39;</span> 
     </span>
     <span class='ocr_line' id='line_1_56' title="bbox 159 4053 241 4080; baseline 0.024 -2"><span class='ocrx_word' id='word_1_492' title='bbox 159 4055 164 4078; x_wconf 90' lang='lat' dir='ltr'>l</span> <span class='ocrx_word' id='word_1_493' title='bbox 189 4053 241 4080; x_wconf 87' lang='lat' dir='ltr'>rem.</span> 
     </span>
    </p>
   </div>
   <div class='ocr_carea' id='block_1_12' title="bbox 132 4076 1226 4146">
    <p class='ocr_par' dir='ltr' id='par_1_12' title="bbox 132 4076 1226 4146">
     <span class='ocr_line' id='line_1_57' title="bbox 132 4076 1226 4146; baseline -0.014 -11"><span class='ocrx_word' id='word_1_494' title='bbox 132 4124 135 4129; x_wconf 93' lang='lat'>.</span> <span class='ocrx_word' id='word_1_495' title='bbox 164 4095 181 4113; x_wconf 91' lang='lat'>··</span> <span class='ocrx_word' id='word_1_496' title='bbox 190 4096 234 4136; x_wconf 79' lang='lat' dir='ltr'>nu.</span> <span class='ocrx_word' id='word_1_497' title='bbox 245 4095 268 4146; x_wconf 83' lang='lat'>1,</span> <span class='ocrx_word' id='word_1_498' title='bbox 280 4096 306 4135; x_wconf 81' lang='lat' dir='ltr'>ue</span> <span class='ocrx_word' id='word_1_499' title='bbox 318 4095 405 4137; x_wconf 76' lang='lat' dir='ltr'>oracio.</span> <span class='ocrx_word' id='word_1_500' title='bbox 696 4079 752 4145; x_wconf 74' lang='lat' dir='ltr'>duci</span> <span class='ocrx_word' id='word_1_501' title='bbox 769 4077 987 4139; x_wconf 85' lang='lat' dir='ltr'>existimaverunt,</span> <span class='ocrx_word' id='word_1_502' title='bbox 1001 4078 1026 4124; x_wconf 91' lang='lat' dir='ltr'>et</span> <span class='ocrx_word' id='word_1_503' title='bbox 1040 4077 1071 4125; x_wconf 87' lang='lat' dir='ltr'>dc</span> <span class='ocrx_word' id='word_1_504' title='bbox 1082 4076 1114 4127; x_wconf 91' lang='lat' dir='ltr'>iis</span> <span class='ocrx_word' id='word_1_505' title='bbox 1130 4076 1226 4124; x_wconf 83' lang='lat' dir='ltr'>duobus</span> 
     </span>
    </p>
   </div>
   <div class='ocr_carea' id='block_1_13' title="bbox 719 3848 1227 3947">
    <p class='ocr_par' dir='ltr' id='par_1_13' title="bbox 719 3848 1227 3947">
     <span class='ocr_line' id='line_1_58' title="bbox 719 3848 1227 3902; baseline -0.006 -11"><span class='ocrx_word' id='word_1_506' title='bbox 719 3858 782 3902; x_wconf 84' lang='lat' dir='ltr'>alque</span> <span class='ocrx_word' id='word_1_507' title='bbox 791 3848 898 3891; x_wconf 74' lang='lat' dir='ltr'>adeo&#39;non</span> <span class='ocrx_word' id='word_1_508' title='bbox 913 3861 1096 3900; x_wconf 84' lang='lat' dir='ltr'>supervacaneum</span> <span class='ocrx_word' id='word_1_509' title='bbox 1111 3851 1156 3890; x_wconf 82' lang='lat' dir='ltr'>toro</span> <span class='ocrx_word' id='word_1_510' title='bbox 1167 3850 1227 3888; x_wconf 88' lang='lat' dir='ltr'>bunc</span> 
     </span>
     <span class='ocr_line' id='line_1_59' title="bbox 719 3907 1173 3947; baseline -0.007 0"><span class='ocrx_word' id='word_1_511' title='bbox 719 3908 744 3947; x_wconf 86' lang='lat' dir='ltr'>de</span> <span class='ocrx_word' id='word_1_512' title='bbox 753 3907 832 3947; x_wconf 85' lang='lat' dir='ltr'>Otticio</span> <span class='ocrx_word' id='word_1_513' title='bbox 842 3911 965 3946; x_wconf 86' lang='lat' dir='ltr'>tractatum.</span> <span class='ocrx_word' id='word_1_514' title='bbox 1170 3916 1173 3922; x_wconf 61' lang='lat'><strong><em>¹</em></strong></span> 
     </span>
    </p>
   </div>
   <div class='ocr_carea' id='block_1_14' title="bbox 0 0 1380 4814">
    <p class='ocr_par' dir='ltr' id='par_1_14' title="bbox 0 0 1380 4814">
     <span class='ocr_line' id='line_1_60' title="bbox 0 0 1380 4814; baseline 0 0"><span class='ocrx_word' id='word_1_515' title='bbox 0 0 1380 4814; x_wconf 95' lang='lat' dir='ltr'> </span> 
     </span>
    </p>
   </div>
   <div class='ocr_carea' id='block_1_15' title="bbox 719 3797 1287 3844">
    <p class='ocr_par' dir='ltr' id='par_1_15' title="bbox 719 3797 1287 3844">
     <span class='ocr_line' id='line_1_61' title="bbox 719 3797 1287 3844; baseline -0.007 -8"><span class='ocrx_word' id='word_1_516' title='bbox 719 3810 763 3838; x_wconf 89' lang='lat' dir='ltr'>non</span> <span class='ocrx_word' id='word_1_517' title='bbox 773 3799 881 3842; x_wconf 87' lang='lat' dir='ltr'>conterat,</span> <span class='ocrx_word' id='word_1_518' title='bbox 891 3799 1005 3843; x_wconf 64' lang='lat' dir='ltr'>bubalum</span> <span class='ocrx_word' id='word_1_519' title='bbox 1015 3801 1052 3835; x_wconf 90' lang='lat' dir='ltr'>ant</span> <span class='ocrx_word' id='word_1_520' title='bbox 1065 3799 1119 3836; x_wconf 87' lang='lat' dir='ltr'>utile</span> <span class='ocrx_word' id='word_1_521' title='bbox 1132 3797 1227 3844; x_wconf 70' lang='lat' dir='ltr'>agnoscis</span> <span class='ocrx_word' id='word_1_522' title='bbox 1284 3813 1287 3820; x_wconf 87' lang='lat'>.</span> 
     </span>
    </p>
   </div>
  </div>
 </body>
</html>
