2752 4814
148 379 194 429 lto
381 392 385 399 ’
528 381 655 428 cancri
672 383 848 430 AMBROSll

93 524 95 529 γ
146 462 277 512 llebraeum
295 462 326 510 ab
342 461 452 524 AEsyptio
469 461 586 522 intudem
610 462 675 512 reci·
698 464 759 524 quid
770 464 946 526 cecideritque
956 464 1036 527 irrupi
1046 464 1123 513 animi
1134 463 1233 526 solent,

146 531 271 591 pientem,
288 530 412 591 delendit3
432 530 470 581 ra
486 531 516 582 nt
533 531 674 592 AEpyptium
699 533 742 581 aut
751 535 893 594 patrimonii
900 533 1014 594 amissio,
1024 534 1068 582 aut
1078 534 1181 582 honoris
1188 534 1235 580 im·

147 599 280 660 sterneret,
290 599 364 661 atque
374 600 402 648 in
418 611 494 649 arena
502 600 673 649 absconderet.
699 601 818 664 minutio,
837 603 880 652 ant
905 601 1051 651 obtrectatio
1077 601 1233 659 infidelium,

89 704 95 713 .
146 665 260 716 Salomon
270 669 429 729 qnoqncaitr
440 669 512 730 Eripe
521 681 575 718 eum
585 671 675 730 midu-
698 669 769 733 quasi
786 671 958 732 superiorum
975 671 1078 719 sentim.
1087 669 1188 719 Deinde
1204 670 1234 718 ut

146 737 247 784 ararad
257 740 363 786 moriem.
699 739 724 788 te
743 740 829 788 salutis
846 739 923 800 ipsius
941 740 1052 802 pericula
1072 738 1230 801 projectitia

179 804 231 853 1⁷9.
242 804 312 853 Unde
323 806 398 866 igitur
407 805 454 853 boc
464 806 505 855 vel
515 805 673 866 Tullinr‚rei
698 809 809 868 suscepta
820 819 869 856 nou
877 808 1000 857 moveant.

146 873 221 921 etiam
239 875 373 935 Panaetius,
394 877 438 924 aut
457 876 511 936 ipsc
529 875 674 924 Aristoteles
729 877 784 925 loe.
796 878 854 926 llaec
871 889 931 926 rere
948 874 1068 926 tortitudo
1084 877 1139 938 est,
1157 889 1230 939 quum

146 943 450 1005 transtulerint,apertum
460 945 572 993 ostentis.
583 945 673 1003 Quam·
698 944 773 992 babet
783 945 873 994 christi
882 945 989 1006 athleta,
999 945 1044 1007 qni
1059 945 1109 992 uisi
1119 945 1232 1006 legitimo

145 1024 219 1071 qnam
229 1013 304 1062 etiarn
315 1015 355 1062 bis
364 1013 459 1062 duobus
469 1013 592 1073 antiquior
602 1013 674 1061 dire·
699 1012 833 1061 certamine
855 1025 905 1061 non
922 1014 1061 1062 coronatur.
1079 1013 1116 1060 An
1135 1013 1228 1061 medio·

144 1081 253 1129 aitinha
265 1084 360 1132 Meum
374 1084 419 1143 feci
426 1095 551 1144 pauperem
562 1083 589 1129 de
599 1095 673 1130 manu
699 1094 739 1128 cre
746 1081 792 1130 tibi
797 1081 897 1130 ridetur
904 1082 1055 1143 preceptum
1063 1079 1228 1129 tortitudinis:

143 1153 253 1210 protentis,
259 1154 282 1200 et
290 1153 447 1213 pupillumcui
455 1151 550 1211 adjutor
558 1163 606 1198 noa
612 1154 674 1208 mat,
700 1152 829 1200 Tribututio
837 1154 976 1213 potientium
984 1144 1229 1214 operaturmtientr'c

145 1220 232 1278 adium.
243 1224 372 1270 Benedictio
381 1222 480 1282 perituri
496 1221 521 1267 in
532 1234 569 1268 me
585 1222 673 1269 venial.
696 1221 868 1281 notationem,
875 1220 983 1282 motato
991 1218 1160 1281 uulemaperui
1168 1219 1228 1267 Vide

144 1285 230 1336 Nonne
241 1289 282 1337 bie
293 1288 452 1348 fortissimus,
462 1289 505 1349 qni
515 1290 566 1336 tam
576 1288 673 1336 fortiter
698 1290 757 1350 quot
773 1290 920 1350 conamina,
931 1290 958 1338 et
973 1301 1025 1337 una
1042 1301 1142 1337 corona.
1162 1288 1228 1347 Quod

145 1356 248 1414 pertulit
263 1358 370 1418 impetus
380 1357 486 1417 diaboii,
497 1357 523 1404 et
539 1357 600 1405 vicit
616 1369 673 1404 enm
698 1359 848 1417 preceptum
862 1369 911 1405 non
923 1358 980 1416 dat,
993 1352 1102 1418 nisi'qui
1117 1357 1157 1405 est
1173 1369 1229 1404 con·

147 1425 238 1473 uirtute
248 1429 337 1476 mentis
345 1440 395 1477 suae
402 1426 413 1474 t
421 1428 505 1487 Neque
512 1440 571 1474 vero
580 1426 610 1474 de
621 1427 674 1486 ejus
699 1424 801 1473 iortatus
810 1426 837 1474 in
847 1426 1023 1485 christetem,
1037 1425 1110 1484 cujus
1120 1437 1179 1472 caro
1189 1437 1229 1473 re·

144 1492 307 1542 dubitandum
322 1495 481 1555 fortitudine,
492 1495 532 1542 cui
547 1495 609 1543 dicit
624 1497 674 1542 llo-
698 1493 782 1553 quiem
793 1505 841 1541 nun
852 1494 966 1543 babebat.
978 1493 1088 1541 dilictio
1098 1492 1228 1552 undique:

144 1560 228 1610 rninus
243 1575 251 1611 a
267 1565 366 1624 Arelape
379 1566 439 1614 aeut
451 1565 489 1612 eir
504 1564 593 1611 lumbos
609 1566 673 1622 luca,
699 1560 757 1608 ioris
768 1575 867 1622 pugnae,
879 1562 945 1611 intus
956 1562 1066 1610 timores.
1075 1560 1105 1607 et
1115 1559 1230 1621 quamvis

144 1632 233 1690 meins
242 1633 386 1680 altitudinem
396 1635 419 1681 el
434 1633 562 1680 vinalem.-
579 1645 672 1679 omnem
699 1627 724 1675 in
735 1629 866 1690 periculis,
876 1630 902 1677 in
920 1629 1044 1679 laboribus
1059 1627 1192 1690 plurimis,
1201 1628 1228 1675 in

144 1700 224 1746 cutm
240 1701 380 1758 iniuriosum
397 1701 528 1749 bumilielo.
544 1700 674 1760 Apostolus
699 1699 854 1761 carceribus,
865 1699 1018 1747 inmortibns
1028 1698 1138 1758 positus;
1148 1698 1229 1744 animo

144 1777 244 1826 cinoque
253 1768 288 1814 ait
298 1781 305 1814 r
317 1768 412 1816 linietis
422 1768 574 1828 [aldeimum
590 1779 672 1814 conso·
698 1769 781 1815 tamen
796 1782 845 1817 non
863 1768 1034 1828 frangebatur,
1044 1767 1090 1814 sed
1099 1766 1230 1827 praeliaba·

144 1835 315 1887 lntr'onem.Est
323 1851 379 1898 erpo
390 1836 509 1898 tectisqui
520 1849 546 1885 se
554 1837 672 1886 indolere
698 1837 750 1896 tur,
762 1836 822 1885 adeo
832 1839 861 1886 ut
874 1837 999 1899 potentior
1016 1835 1069 1884 suis
1077 1834 1151 1883 tieret
1161 1833 1230 1882 infir·

144 1903 226 1964 alieno
238 1909 383 1957 consolatur.
559 1918 564 1923 ·
698 1904 834 1958 niitatibus.

176 1973 229 2022 leo
238 1976 268 2023 et
281 1988 367 2024 rerem
376 1976 431 2036 iure
441 1982 470 2024 ea
479 1974 674 2025 tortitudovoce·
729 1976 782 2024 183.
794 1978 879 2038 ltaque
888 1974 1014 2024 considera
1021 1972 1228 2036 quemadmodum
1306 1964 1308 1979 '

143 2041 198 2103 tur,
209 2044 305 2103 qnando
314 2046 480 2106 unnsquisque
491 2057 517 2093 se
528 2044 609 2104 ipsum
620 2044 673 2092 rin·
699 2047 785 2106 eosqui
793 2045 1029 2094 adoiticialicclesiae
1044 2042 1178 2102 accedunt,
1188 2042 1229 2090 de·

90 2113 108 2125 ''
144 2111 192 2169 cit,
218 2114 280 2160 iram
303 2116 427 2173 continet,
447 2115 523 2162 nullis
547 2114 673 2161 illecebris
698 2115 853 2174 spicientiam
868 2113 1126 2163 rerumhumanarnm
1136 2112 1227 2159 babere

145 2182 271 2228 emollitur
278 2182 350 2242 etune
356 2184 556 2241 inflectitur,non
564 2182 673 2229 adversis
698 2183 787 2231 debere
797 2184 891 2232 doceat.
906 2187 934 2232 Si
947 2197 1000 2245 erpo
1012 2183 1103 2232 mortui
1111 2183 1166 2230 estis
1176 2194 1227 2228 curn

145 2250 311 2310 perturbatur,
318 2263 368 2298 uon
376 2251 504 2299 extollitur
511 2250 637 2310 secundis,
647 2251 673 2298 et
698 2252 788 2301 Ciuitate
807 2254 837 2301 ab
855 2255 969 2302 cunculis
985 2252 1055 2310 liuius
1066 2251 1162 2308 mundi,
1174 2250 1226 2310 quil
1288 2308 1291 2312 ἡ

144 2318 214 2376 ‹puasi
228 2319 307 2366 rento
321 2320 439 2380 quodam,
451 2319 576 2368 vanarum
590 2332 672 2366 rernm
697 2321 772 2369 aliaue
782 2322 844 2370 uelut
853 2324 951 2371 uiuentes
960 2323 987 2369 de
998 2321 1042 2369 boc
1051 2321 1139 2368 munde
1149 2320 1227 2383 decer·

145 2386 320 2436 circumiectus
340 2389 486 2437 mutatione.
506 2388 571 2448 Quid
588 2388 674 2435 autem
696 2389 812 2438 attisillc
828 2391 958 2450 teliaci-itis,
968 2403 997 2436 ne
1012 2387 1227 2446 adtaminueeritie,

145 2457 269 2506 excelsius
275 2458 302 2506 et
309 2458 513 2518 magnificentius,
520 2469 593 2518 quam
601 2468 673 2504 exer·
696 2471 725 2506 ae
735 2461 893 2519 pustneerilis,
906 2459 958 2519 pace
972 2461 1027 2506 nant
1036 2459 1118 2505 omniu
1127 2457 1160 2504 ud
1174 2469 1226 2502 cor·

144 2535 201 2572 cere
221 2528 344 2588 mentem,
362 2526 461 2574 allicere
486 2538 585 2575 earnem
602 2526 627 2573 et
645 2525 672 2572 in
695 2524 1059 2587 merereminousuffltinrra:
1070 2526 1097 2572 si
1107 2537 1162 2584 erqo
1173 2535 1225 2570 con·

143 2593 323 2644 servitudinem
332 2595 459 2656 redigere3
470 2595 498 2643 ut
514 2594 614 2643 obediat
624 2594 671 2640 im·
695 2598 828 2645 surrexistis
835 2609 888 2642 cum
897 2596 988 2644 Cirristo
994 2627 1002 2652 ,
1012 2607 1062 2654 quae
1070 2593 1224 2641 sursumsunt

143 2662 225 2722 perio,
236 2664 345 2712 consiliis
359 2663 525 2724 obtemperet,
542 2664 573 2710 ut
587 2662 613 2709 in
627 2662 671 2710 ad·
695 2666 804 2724 quante,
820 2677 867 2712 non
878 2676 929 2726 quoe
940 2676 1010 2723 super
1026 2665 1125 2709 temen.
1137 2660 1169 2706 lit
1178 2658 1223 2705 ite·

144 2732 231 2779 eundis
253 2733 377 2782 laboribus
399 2732 504 2792 impigre
522 2732 671 2790 exsequntur
695 2745 768 2779 rum:
784 2734 920 2792 Mortificate
939 2745 994 2792 erqo
1010 2729 1117 2778 membru
1132 2729 1224 2784 mata,

141 2800 295 2859 propositum
303 2802 379 2848 animi
389 2812 418 2848 uc
426 2797 599 2848 voluntatem?
691 2815 746 2862 lpum
756 2804 811 2849 sunt
825 2803 1001 2861 superterram.
1013 2797 1043 2846 Et
1056 2797 1110 2843 haec
1123 2794 1223 2854 quidem

174 2868 228 2914 till.
238 2869 296 2916 llaec
309 2869 386 2928 igitur
403 2869 482 2927 prime
498 2868 537 2915 vis
547 2867 671 2915 tortitudi-
695 2870 774 2917 adbuc
791 2870 904 2917 omnibus
919 2868 1032 2915 fidelibus
1048 2863 1115 2913 aiibi
1126 2865 1222 2921 autem,

143 2934 322 2996 nis,quontam
331 2935 358 2982 in
369 2934 465 2983 duobus
480 2935 611 2994 generibus
621 2934 671 2982 ior·
694 2939 743 2999 lili,
762 2940 912 2987 contemtum
932 2937 1090 2994 divitiarum,
1109 2931 1223 2994 protana-
1295 2949 1298 2957 ·

143 3003 223 3051 titudo
240 3006 364 3063 spectatur
374 3003 460 3051 animi.
475 3003 569 3062 Primo,
584 3005 612 3050 ut
627 3016 670 3051 ex·
694 3021 749 3056 rum
764 3021 861 3068 qnoque
872 3008 897 3055 et
907 3008 1010 3054 anilium
1021 3004 1161 3051 tabularum
1171 3011 1223 3047 sua·

142 3076 213 3120 terna
229 3073 335 3134 corporis
352 3086 396 3133 pro
411 3072 521 3120 minimis
530 3072 633 3133 babeat,
645 3073 670 3121 et
695 3077 737 3124 det
755 3076 962 3135 declinationem,
983 3073 1047 3121 nibil
1072 3070 1222 3132 permittens

143 3141 670 3204 quasisuperfluadespiciendamagisquam
694 3144 741 3192 nisi
749 3144 814 3204 quod
824 3146 850 3192 te
858 3143 975 3190 exerceat
982 3141 1013 3189 ad
1021 3135 1222 3199 pietatem3quir

142 3210 282 3272 expetenda
295 3208 377 3258 ducat.
389 3209 514 3268 Secundo,
525 3210 554 3258 nt
572 3222 601 3257 ea
616 3223 670 3270 quaa
694 3214 825 3273 corporalis
834 3211 978 3260 exercitatio
986 3209 1048 3256 uniti
1056 3207 1097 3255 rei
1104 3205 1163 3254 nsru
1171 3203 1220 3252 est:

142 3288 237 3328 summa
253 3280 323 3340 sunt,
333 3290 482 3339 omnesquae
493 3292 533 3327 res
543 3278 569 3326 iu
579 3280 669 3341 quibus
693 3283 772 3343 pietas
783 3283 865 3329 antem
876 3280 906 3328 ad
915 3280 996 3326 omnia
1005 3277 1086 3325 utilis.

142 3349 255 3398 honestas
265 3351 291 3397 et
300 3349 364 3397 illud
377 3361 462 3410 πριπον
470 3347 592 3408 cernitur,
607 3361 670 3409 prae-
724 3350 776 3399 litt.
787 3350 906 3397 Exercent
916 3360 974 3408 ergo
982 3348 1007 3395 te
1017 3342 1138 3407 pietasad
1148 3340 1222 3401 insti-

142 3418 207 3465 clara
217 3417 293 3484 animi
310 3416 448 3464 intentione
463 3428 541 3475 usque
553 3416 585 3463 ad
595 3417 668 3465 affec·
692 3420 767 3479 tiam,
780 3417 972 3476 continentiam,
992 3411 1223 3480 mansuetudinem

141 3488 194 3533 iiim
204 3486 374 3546 persequetur·
385 3483 449 3541 Quid
459 3482 525 3530 essim
541 3483 592 3530 iam
603 3497 668 3544 lirae-
692 3490 720 3536 ut
729 3489 807 3546 fugias
824 3486 945 3544 juvenilia
959 3495 1046 3544 opera,
1064 3478 1222 3529 confirmatae

140 3556 248 3616 cirrum,
263 3566 336 3616 qnam
346 3553 376 3600 ut
385 3551 420 3599 ita
431 3551 668 3601 animumlnfonnes
692 3557 844 3605 etradicatus
853 3555 961 3614 ingratia
969 3549 1221 3600 bonumfideisubeas

139 3627 223 3684 tunm,
234 3626 353 3684 uiaeque
364 3620 567 3681 divinumque
579 3623 667 3682 volup·
692 3628 815 3674 certamen
836 3637 843 3670 r
864 3636 913 3670 non
934 3623 960 3670 te
978 3621 1092 3679 implices
1111 3614 1219 3676 negotiis

138 3694 214 3752 tates,
222 3704 303 3754 neque
311 3691 416 3739 bonores
424 3689 449 3736 in
457 3689 571 3736 maximis
579 3691 666 3738 consti·
691 3694 861 3751 saecularibus,
874 3689 988 3751 quoniam
997 3690 1048 3735 Deo
1061 3686 1167 3733 militas.
1179 3682 1219 3730 lt·

140 3760 207 3820 tuns,
217 3772 298 3820 neque
308 3760 335 3807 in
351 3759 391 3806 bis
400 3757 508 3806 studium
525 3770 598 3805 omne
608 3771 667 3806 con·
691 3763 757 3808 euim
778 3761 799 3807 si
815 3759 836 3805 is
854 3758 897 3817 qui
918 3753 1060 3815 irrrpemtori
1079 3752 1188 3810 militat,
1205 3761 1220 3795 a

140 3830 223 3875 teresi
238 3828 309 3887 Quod
318 3829 380 3876 'cum
398 3827 434 3875 ita
458 3827 560 3874 affectus
585 3827 666 3874 animo
690 3824 884 3886 susceptionibus
894 3819 1219 3895 litium,aetuuegotiorum

140 3894 230 3953 inens,
245 3908 345 3944 necesse
361 3897 398 3943 est
412 3896 441 3943 ut
458 3895 521 3942 illud
536 3895 665 3941 honesturn
690 3895 837 3951 forensium,
846 3889 988 3948 venditione
999 3887 1120 3935 mercium
1134 3885 1219 3947 probr-

140 3976 170 4011 ιο
186 3964 303 4012 decorum
312 3962 503 4024 praeponendum
519 3962 604 4022 putes,
616 3962 666 4008 itti·
691 3962 763 4008 betur
781 3959 894 4008 humanis
908 3958 1016 4017 legibus,
1029 3957 1122 4016 quante
1140 3955 1221 4014 magis
1262 4009 1264 4015 Ι

139 4045 189 4095 que
196 4032 305 4081 mentem
313 4031 348 4079 ita
354 4031 551 4090 intendastnam,
558 4029 586 4076 ut
593 4029 666 4089 qnid·
690 4029 733 4090 qni
744 4028 800 4078 fidei
809 4028 911 4077 exercet
919 4023 1163 4086 militiam,abomni
1173 4034 1222 4071 usu
