<?xml version="1.0" encoding="UTF-8"?>
<!DOCTYPE html PUBLIC "-//W3C//DTD XHTML 1.0 Transitional//EN"
    "http://www.w3.org/TR/xhtml1/DTD/xhtml1-transitional.dtd">
<html xmlns="http://www.w3.org/1999/xhtml" xml:lang="en" lang="en">
 <head>
  <title>
</title>
<meta http-equiv="Content-Type" content="text/html;charset=utf-8" />
  <meta name='ocr-system' content='tesseract 3.04.00' />
  <meta name='ocr-capabilities' content='ocr_page ocr_carea ocr_par ocr_line ocrx_word'/>
</head>
<body>
  <div class='ocr_page' id='page_1' title='image "./operaomnia01ambrgoog/operaomnia01ambrgoog_0149.png"; bbox 0 0 2752 4814; ppageno 0'>
   <div class='ocr_carea' id='block_1_1' title="bbox 153 405 832 472">
    <p class='ocr_par' dir='ltr' id='par_1_1' title="bbox 153 405 832 472">
     <span class='ocr_line' id='line_1_1' title="bbox 153 405 832 472; baseline -0.007 -1"><span class='ocrx_word' id='word_1_1' title='bbox 153 405 198 472; x_wconf 81' lang='lat' dir='ltr'><strong>r&#39;ao</strong></span> <span class='ocrx_word' id='word_1_2' title='bbox 543 425 661 470; x_wconf 79' lang='lat' dir='ltr'><strong>sunem</strong></span> <span class='ocrx_word' id='word_1_3' title='bbox 676 424 832 469; x_wconf 71' lang='lat' dir='ltr'><strong>innuosa</strong></span> 
     </span>
    </p>
   </div>
   <div class='ocr_carea' id='block_1_2' title="bbox 107 500 1235 1995">
    <p class='ocr_par' dir='ltr' id='par_1_2' title="bbox 107 500 1235 1995">
     <span class='ocr_line' id='line_1_2' title="bbox 156 500 1235 570; baseline -0.009 -12"><span class='ocrx_word' id='word_1_4' title='bbox 156 510 235 570; x_wconf 83' lang='lat' dir='ltr'><strong>rapite.</strong></span> <span class='ocrx_word' id='word_1_5' title='bbox 252 508 298 567; x_wconf 84' lang='lat' dir='ltr'><strong>Qui</strong></span> <span class='ocrx_word' id='word_1_6' title='bbox 305 508 417 566; x_wconf 74' lang='lat' dir='ltr'><strong>plantavit</strong></span> <span class='ocrx_word' id='word_1_7' title='bbox 428 521 509 556; x_wconf 77' lang='lat' dir='ltr'><strong>aucruu</strong></span> <span class='ocrx_word' id='word_1_8' title='bbox 516 538 525 565; x_wconf 87' lang='lat'>‚</span> <span class='ocrx_word' id='word_1_9' title='bbox 537 519 585 554; x_wconf 84' lang='lat' dir='ltr'><strong>aon</strong></span> <span class='ocrx_word' id='word_1_10' title='bbox 597 507 680 554; x_wconf 82' lang='lat' dir='ltr'><strong>audii:</strong></span> <span class='ocrx_word' id='word_1_11' title='bbox 705 505 763 552; x_wconf 90' lang='lat' dir='ltr'><strong>runt</strong></span> <span class='ocrx_word' id='word_1_12' title='bbox 775 516 833 564; x_wconf 74' lang='lat' dir='ltr'><strong>erqo</strong></span> <span class='ocrx_word' id='word_1_13' title='bbox 846 504 959 552; x_wconf 85' lang='lat' dir='ltr'><strong>arborum</strong></span> <span class='ocrx_word' id='word_1_14' title='bbox 973 503 1069 551; x_wconf 85' lang='lat' dir='ltr'><strong>occulta</strong></span> <span class='ocrx_word' id='word_1_15' title='bbox 1081 500 1136 551; x_wconf 80' lang='lat' dir='ltr'><strong>rim</strong></span> <span class='ocrx_word' id='word_1_16' title='bbox 1149 501 1235 548; x_wconf 80' lang='lat' dir='ltr'><strong>caloris</strong></span> 
     </span>
     <span class='ocr_line' id='line_1_3' title="bbox 158 571 1234 637; baseline -0.008 -11"><span class='ocrx_word' id='word_1_17' title='bbox 158 581 177 626; x_wconf 81' lang='lat' dir='ltr'><strong>et</strong></span> <span class='ocrx_word' id='word_1_18' title='bbox 196 579 237 637; x_wconf 88' lang='lat' dir='ltr'><strong>qui</strong></span> <span class='ocrx_word' id='word_1_19' title='bbox 251 576 322 635; x_wconf 68' lang='lat' dir='ltr'><strong>fluuit</strong></span> <span class='ocrx_word' id='word_1_20' title='bbox 344 576 450 633; x_wconf 84' lang='lat' dir='ltr'><strong>neutum,</strong></span> <span class='ocrx_word' id='word_1_21' title='bbox 469 589 516 624; x_wconf 86' lang='lat' dir='ltr'><strong>aon</strong></span> <span class='ocrx_word' id='word_1_22' title='bbox 534 571 681 624; x_wconf 76' lang='lat' dir='ltr'><strong>conciderat?</strong></span> <span class='ocrx_word' id='word_1_23' title='bbox 704 575 746 620; x_wconf 83' lang='lat' dir='ltr'><strong>vel</strong></span> <span class='ocrx_word' id='word_1_24' title='bbox 760 573 872 633; x_wconf 71' lang='lat' dir='ltr'><strong>frigoris,</strong></span> <span class='ocrx_word' id='word_1_25' title='bbox 888 573 950 621; x_wconf 89' lang='lat' dir='ltr'><strong>adeo</strong></span> <span class='ocrx_word' id='word_1_26' title='bbox 964 572 993 620; x_wconf 92' lang='lat' dir='ltr'><strong>ut</strong></span> <span class='ocrx_word' id='word_1_27' title='bbox 1004 572 1101 620; x_wconf 75' lang='lat' dir='ltr'>radices</span> <span class='ocrx_word' id='word_1_28' title='bbox 1119 571 1234 620; x_wconf 86' lang='lat' dir='ltr'><strong>arborum</strong></span> 
     </span>
     <span class='ocr_line' id='line_1_4' title="bbox 156 639 1235 706; baseline -0.006 -14"><span class='ocrx_word' id='word_1_29' title='bbox 156 648 202 706; x_wconf 83' lang='lat' dir='ltr'><strong>Qui</strong></span> <span class='ocrx_word' id='word_1_30' title='bbox 213 646 308 705; x_wconf 85' lang='lat' dir='ltr'><strong>corripit</strong></span> <span class='ocrx_word' id='word_1_31' title='bbox 318 646 408 704; x_wconf 68' lang='lat' dir='ltr'><strong>parba,</strong></span> <span class='ocrx_word' id='word_1_32' title='bbox 422 657 471 692; x_wconf 84' lang='lat' dir='ltr'><strong>aaa</strong></span> <span class='ocrx_word' id='word_1_33' title='bbox 481 646 573 705; x_wconf 85' lang='lat' dir='ltr'><strong>orquii,</strong></span> <span class='ocrx_word' id='word_1_34' title='bbox 590 644 631 703; x_wconf 84' lang='lat' dir='ltr'><strong>qai</strong></span> <span class='ocrx_word' id='word_1_35' title='bbox 639 644 683 688; x_wconf 89' lang='lat' dir='ltr'><strong>do·</strong></span> <span class='ocrx_word' id='word_1_36' title='bbox 704 641 747 688; x_wconf 96' lang='lat' dir='ltr'><strong>aut</strong></span> <span class='ocrx_word' id='word_1_37' title='bbox 754 644 857 689; x_wconf 89' lang='lat' dir='ltr'><strong>urantur</strong></span> <span class='ocrx_word' id='word_1_38' title='bbox 865 640 1021 700; x_wconf 74' lang='lat' dir='ltr'><strong>frigore‚aut</strong></span> <span class='ocrx_word' id='word_1_39' title='bbox 1028 639 1082 686; x_wconf 83' lang='lat' dir='ltr'><strong>totu</strong></span> <span class='ocrx_word' id='word_1_40' title='bbox 1091 639 1153 687; x_wconf 88' lang='lat' dir='ltr'><strong>solis</strong></span> <span class='ocrx_word' id='word_1_41' title='bbox 1160 640 1235 687; x_wconf 77' lang='lat' dir='ltr'><strong>viras·</strong></span> 
     </span>
     <span class='ocr_line' id='line_1_5' title="bbox 155 707 1235 770; baseline -0.006 -10"><span class='ocrx_word' id='word_1_42' title='bbox 155 713 312 762; x_wconf 72' lang='lat' dir='ltr'><strong>retinentium</strong></span> <span class='ocrx_word' id='word_1_43' title='bbox 320 713 458 761; x_wconf 82' lang='lat' dir='ltr'><strong>scientiam?</strong></span> <span class='ocrx_word' id='word_1_44' title='bbox 468 714 583 761; x_wconf 84' lang='lat' dir='ltr'><strong>Dominus</strong></span> <span class='ocrx_word' id='word_1_45' title='bbox 592 713 634 759; x_wconf 82' lang='lat' dir='ltr'><strong>scit</strong></span> <span class='ocrx_word' id='word_1_46' title='bbox 642 723 682 757; x_wconf 89' lang='lat' dir='ltr'><strong>co-</strong></span> <span class='ocrx_word' id='word_1_47' title='bbox 705 709 768 756; x_wconf 87' lang='lat' dir='ltr'><strong>cant.</strong></span> <span class='ocrx_word' id='word_1_48' title='bbox 783 709 895 770; x_wconf 83' lang='lat' dir='ltr'><strong>Denique</strong></span> <span class='ocrx_word' id='word_1_49' title='bbox 907 709 949 757; x_wconf 91' lang='lat' dir='ltr'><strong>nbi</strong></span> <span class='ocrx_word' id='word_1_50' title='bbox 960 708 1092 756; x_wconf 87' lang='lat' dir='ltr'><strong>clementia</strong></span> <span class='ocrx_word' id='word_1_51' title='bbox 1103 708 1163 756; x_wconf 86' lang='lat' dir='ltr'><strong>coeli</strong></span> <span class='ocrx_word' id='word_1_52' title='bbox 1176 707 1235 754; x_wconf 87' lang='lat' dir='ltr'><strong>arri-</strong></span> 
     </span>
     <span class='ocr_line' id='line_1_6' title="bbox 155 775 1232 844; baseline -0.008 -12"><span class='ocrx_word' id='word_1_53' title='bbox 155 785 275 844; x_wconf 75' lang='lat' dir='ltr'><strong>pitatioaee</strong></span> <span class='ocrx_word' id='word_1_54' title='bbox 283 781 416 839; x_wconf 79' lang='lat' dir='ltr'><strong>hominnm,</strong></span> <span class='ocrx_word' id='word_1_55' title='bbox 424 784 610 842; x_wconf 76' lang='lat' dir='ltr'><strong>quoaiomooner</strong></span> <span class='ocrx_word' id='word_1_56' title='bbox 618 781 681 827; x_wconf 79' lang='lat' dir='ltr'><strong>aaut.</strong></span> <span class='ocrx_word' id='word_1_57' title='bbox 705 778 778 835; x_wconf 86' lang='lat' dir='ltr'><strong>serit,</strong></span> <span class='ocrx_word' id='word_1_58' title='bbox 788 778 869 825; x_wconf 89' lang='lat' dir='ltr'><strong>varios</strong></span> <span class='ocrx_word' id='word_1_59' title='bbox 877 779 942 826; x_wconf 82' lang='lat' dir='ltr'><strong>terra</strong></span> <span class='ocrx_word' id='word_1_60' title='bbox 953 791 979 825; x_wconf 88' lang='lat' dir='ltr'><strong>se</strong></span> <span class='ocrx_word' id='word_1_61' title='bbox 995 777 1079 824; x_wconf 78' lang='lat' dir='ltr'><strong>tundit</strong></span> <span class='ocrx_word' id='word_1_62' title='bbox 1089 776 1118 822; x_wconf 90' lang='lat' dir='ltr'><strong>in</strong></span> <span class='ocrx_word' id='word_1_63' title='bbox 1131 775 1232 823; x_wconf 76' lang='lat' dir='ltr'><strong>fructus</strong></span> 
     </span>
     <span class='ocr_line' id='line_1_7' title="bbox 155 845 1234 911; baseline -0.006 -13"><span class='ocrx_word' id='word_1_64' title='bbox 155 851 204 909; x_wconf 84' lang='lat' dir='ltr'><strong>Qui</strong></span> <span class='ocrx_word' id='word_1_65' title='bbox 219 862 248 898; x_wconf 87' lang='lat' dir='ltr'><strong>ea</strong></span> <span class='ocrx_word' id='word_1_66' title='bbox 263 859 423 911; x_wconf 75' lang='lat' dir='ltr'><strong>quacumque</strong></span> <span class='ocrx_word' id='word_1_67' title='bbox 440 861 504 898; x_wconf 85' lang='lat' dir='ltr'><strong>vana</strong></span> <span class='ocrx_word' id='word_1_68' title='bbox 520 850 578 896; x_wconf 90' lang='lat' dir='ltr'><strong>suut</strong></span> <span class='ocrx_word' id='word_1_69' title='bbox 592 847 682 906; x_wconf 90' lang='lat' dir='ltr'><strong>depre-</strong></span> <span class='ocrx_word' id='word_1_70' title='bbox 733 845 771 893; x_wconf 77' lang='lat'><strong>56.</strong></span> <span class='ocrx_word' id='word_1_71' title='bbox 783 847 810 893; x_wconf 89' lang='lat' dir='ltr'><strong>Si</strong></span> <span class='ocrx_word' id='word_1_72' title='bbox 820 847 896 906; x_wconf 71' lang='lat' dir='ltr'><strong>igitur</strong></span> <span class='ocrx_word' id='word_1_73' title='bbox 905 845 1234 894; x_wconf 86' lang='lat' dir='ltr'><strong>radiussoiisiunditiumen</strong></span> 
     </span>
     <span class='ocr_line' id='line_1_8' title="bbox 157 915 1234 981; baseline -0.004 -15"><span class='ocrx_word' id='word_1_74' title='bbox 157 919 258 979; x_wconf 82' lang='lat' dir='ltr'><strong>bennit,</strong></span> <span class='ocrx_word' id='word_1_75' title='bbox 270 931 299 966; x_wconf 88' lang='lat' dir='ltr'><strong>ea</strong></span> <span class='ocrx_word' id='word_1_76' title='bbox 309 931 365 978; x_wconf 80' lang='lat' dir='ltr'><strong>quae</strong></span> <span class='ocrx_word' id='word_1_77' title='bbox 375 918 458 967; x_wconf 87' lang='lat' dir='ltr'><strong>sancta</strong></span> <span class='ocrx_word' id='word_1_78' title='bbox 468 918 537 974; x_wconf 88' lang='lat' dir='ltr'><strong>sunt,</strong></span> <span class='ocrx_word' id='word_1_79' title='bbox 552 916 647 981; x_wconf 80' lang='lat' dir='ltr'><strong>nescit,</strong></span> <span class='ocrx_word' id='word_1_80' title='bbox 657 917 682 963; x_wconf 91' lang='lat' dir='ltr'><strong>et</strong></span> <span class='ocrx_word' id='word_1_81' title='bbox 705 927 776 963; x_wconf 87' lang='lat' dir='ltr'><strong>suum</strong></span> <span class='ocrx_word' id='word_1_82' title='bbox 782 929 856 976; x_wconf 89' lang='lat' dir='ltr'><strong>super</strong></span> <span class='ocrx_word' id='word_1_83' title='bbox 863 929 960 963; x_wconf 89' lang='lat' dir='ltr'><strong>ornnem</strong></span> <span class='ocrx_word' id='word_1_84' title='bbox 967 916 1099 973; x_wconf 84' lang='lat' dir='ltr'><strong>terram‚et</strong></span> <span class='ocrx_word' id='word_1_85' title='bbox 1108 915 1135 961; x_wconf 90' lang='lat' dir='ltr'><strong>in</strong></span> <span class='ocrx_word' id='word_1_86' title='bbox 1146 926 1234 975; x_wconf 71' lang='lat' dir='ltr'><strong>eaque</strong></span> 
     </span>
     <span class='ocr_line' id='line_1_9' title="bbox 156 985 1233 1051; baseline -0.007 -14"><span class='ocrx_word' id='word_1_87' title='bbox 156 990 253 1051; x_wconf 73' lang='lat' dir='ltr'><strong>ignorat</strong></span> <span class='ocrx_word' id='word_1_88' title='bbox 272 989 338 1049; x_wconf 90' lang='lat' dir='ltr'><strong>quod</strong></span> <span class='ocrx_word' id='word_1_89' title='bbox 356 988 409 1049; x_wconf 91' lang='lat' dir='ltr'><strong>ipse</strong></span> <span class='ocrx_word' id='word_1_90' title='bbox 429 985 503 1035; x_wconf 75' lang='lat' dir='ltr'><strong>fecit?</strong></span> <span class='ocrx_word' id='word_1_91' title='bbox 520 988 601 1034; x_wconf 80' lang='lat' dir='ltr'><strong>Potest</strong></span> <span class='ocrx_word' id='word_1_92' title='bbox 621 999 682 1044; x_wconf 89' lang='lat' dir='ltr'><strong>opus</strong></span> <span class='ocrx_word' id='word_1_93' title='bbox 706 986 786 1032; x_wconf 85' lang='lat' dir='ltr'><strong>clausa</strong></span> <span class='ocrx_word' id='word_1_94' title='bbox 803 986 861 1033; x_wconf 90' lang='lat' dir='ltr'><strong>sunt</strong></span> <span class='ocrx_word' id='word_1_95' title='bbox 883 997 909 1033; x_wconf 86' lang='lat' dir='ltr'><strong>sa</strong></span> <span class='ocrx_word' id='word_1_96' title='bbox 932 986 1032 1045; x_wconf 86' lang='lat' dir='ltr'><strong>inserit,</strong></span> <span class='ocrx_word' id='word_1_97' title='bbox 1054 996 1103 1032; x_wconf 87' lang='lat' dir='ltr'><strong>nec</strong></span> <span class='ocrx_word' id='word_1_98' title='bbox 1122 985 1233 1032; x_wconf 83' lang='lat' dir='ltr'><strong>vectibus</strong></span> 
     </span>
     <span class='ocr_line' id='line_1_10' title="bbox 156 1052 1232 1117; baseline -0.006 -13"><span class='ocrx_word' id='word_1_99' title='bbox 156 1070 228 1105; x_wconf 90' lang='lat' dir='ltr'><strong>suum</strong></span> <span class='ocrx_word' id='word_1_100' title='bbox 236 1057 347 1117; x_wconf 74' lang='lat' dir='ltr'><strong>ignorare</strong></span> <span class='ocrx_word' id='word_1_101' title='bbox 356 1055 462 1104; x_wconf 76' lang='lat' dir='ltr'><strong>artifex?</strong></span> <span class='ocrx_word' id='word_1_102' title='bbox 472 1056 548 1101; x_wconf 84' lang='lat' dir='ltr'><strong>Homo</strong></span> <span class='ocrx_word' id='word_1_103' title='bbox 559 1055 609 1113; x_wconf 88' lang='lat' dir='ltr'><strong>est,</strong></span> <span class='ocrx_word' id='word_1_104' title='bbox 620 1055 644 1100; x_wconf 89' lang='lat' dir='ltr'><strong>et</strong></span> <span class='ocrx_word' id='word_1_105' title='bbox 655 1054 683 1099; x_wconf 88' lang='lat' dir='ltr'><strong>iu</strong></span> <span class='ocrx_word' id='word_1_106' title='bbox 706 1053 792 1103; x_wconf 84' lang='lat' dir='ltr'><strong>ferreis</strong></span> <span class='ocrx_word' id='word_1_107' title='bbox 806 1056 849 1102; x_wconf 92' lang='lat' dir='ltr'><strong>aut</strong></span> <span class='ocrx_word' id='word_1_108' title='bbox 870 1056 982 1116; x_wconf 76' lang='lat' dir='ltr'><strong>gravium</strong></span> <span class='ocrx_word' id='word_1_109' title='bbox 995 1056 1134 1102; x_wconf 69' lang='lat' dir='ltr'><strong>&#39;valvarum</strong></span> <span class='ocrx_word' id='word_1_110' title='bbox 1157 1052 1232 1100; x_wconf 89' lang='lat' dir='ltr'><strong>obici-</strong></span> 
     </span>
     <span class='ocr_line' id='line_1_11' title="bbox 155 1123 1231 1187; baseline -0.006 -13"><span class='ocrx_word' id='word_1_111' title='bbox 155 1139 230 1187; x_wconf 85' lang='lat' dir='ltr'><strong>opere</strong></span> <span class='ocrx_word' id='word_1_112' title='bbox 239 1126 389 1174; x_wconf 84' lang='lat' dir='ltr'><strong>auolatentia</strong></span> <span class='ocrx_word' id='word_1_113' title='bbox 397 1123 682 1184; x_wconf 78' lang='lat' dir='ltr'><strong>deprehandit3etDeus</strong></span> <span class='ocrx_word' id='word_1_114' title='bbox 705 1124 765 1183; x_wconf 90' lang='lat' dir='ltr'><strong>bus,</strong></span> <span class='ocrx_word' id='word_1_115' title='bbox 786 1127 918 1185; x_wconf 77' lang='lat' dir='ltr'><strong>quominus</strong></span> <span class='ocrx_word' id='word_1_116' title='bbox 934 1124 1064 1183; x_wconf 72' lang='lat' dir='ltr'><strong>penetret,</strong></span> <span class='ocrx_word' id='word_1_117' title='bbox 1081 1123 1231 1182; x_wconf 68' lang='lat' dir='ltr'><strong>impeditum</strong></span> 
     </span>
     <span class='ocr_line' id='line_1_12' title="bbox 156 1188 1232 1254; baseline -0.004 -14"><span class='ocrx_word' id='word_1_118' title='bbox 156 1207 218 1254; x_wconf 88' lang='lat' dir='ltr'><strong>opus</strong></span> <span class='ocrx_word' id='word_1_119' title='bbox 228 1203 301 1242; x_wconf 90' lang='lat' dir='ltr'><strong>suum</strong></span> <span class='ocrx_word' id='word_1_120' title='bbox 310 1193 406 1242; x_wconf 87' lang='lat' dir='ltr'><strong>nesciti</strong></span> <span class='ocrx_word' id='word_1_121' title='bbox 420 1193 499 1239; x_wconf 81' lang='lat' dir='ltr'><strong>Altius</strong></span> <span class='ocrx_word' id='word_1_122' title='bbox 511 1204 568 1252; x_wconf 78' lang='lat' dir='ltr'><strong>ergo</strong></span> <span class='ocrx_word' id='word_1_123' title='bbox 581 1190 682 1251; x_wconf 85' lang='lat' dir='ltr'><strong>protun-</strong></span> <span class='ocrx_word' id='word_1_124' title='bbox 705 1193 825 1252; x_wconf 88' lang='lat' dir='ltr'><strong>quomodo</strong></span> <span class='ocrx_word' id='word_1_125' title='bbox 838 1205 891 1240; x_wconf 84' lang='lat' dir='ltr'><strong>aron</strong></span> <span class='ocrx_word' id='word_1_126' title='bbox 904 1193 985 1253; x_wconf 86' lang='lat' dir='ltr'><strong>potest</strong></span> <span class='ocrx_word' id='word_1_127' title='bbox 1003 1191 1173 1250; x_wconf 76' lang='lat' dir='ltr'><strong>intelligibilis</strong></span> <span class='ocrx_word' id='word_1_128' title='bbox 1189 1188 1232 1236; x_wconf 86' lang='lat' dir='ltr'><strong>Dei</strong></span> 
     </span>
     <span class='ocr_line' id='line_1_13' title="bbox 156 1257 1232 1322; baseline -0.005 -13"><span class='ocrx_word' id='word_1_129' title='bbox 156 1262 343 1322; x_wconf 89' lang='lat' dir='ltr'><strong>duminopere,</strong></span> <span class='ocrx_word' id='word_1_130' title='bbox 354 1257 683 1322; x_wconf 82' lang='lat' dir='ltr'><strong>quaminauetore.Etiecit</strong></span> <span class='ocrx_word' id='word_1_131' title='bbox 706 1263 819 1320; x_wconf 78' lang='lat' dir='ltr'>splendor</span> <span class='ocrx_word' id='word_1_132' title='bbox 837 1262 864 1308; x_wconf 90' lang='lat' dir='ltr'><strong>in</strong></span> <span class='ocrx_word' id='word_1_133' title='bbox 882 1260 1040 1320; x_wconf 77' lang='lat' dir='ltr'><strong>cogitationes</strong></span> <span class='ocrx_word' id='word_1_134' title='bbox 1059 1259 1191 1305; x_wconf 85' lang='lat' dir='ltr'><strong>hominum</strong></span> <span class='ocrx_word' id='word_1_135' title='bbox 1209 1257 1232 1305; x_wconf 89' lang='lat' dir='ltr'><strong>et</strong></span> 
     </span>
     <span class='ocr_line' id='line_1_14' title="bbox 156 1327 1231 1390; baseline -0.005 -13"><span class='ocrx_word' id='word_1_136' title='bbox 156 1331 250 1389; x_wconf 90' lang='lat' dir='ltr'><strong>aliquid</strong></span> <span class='ocrx_word' id='word_1_137' title='bbox 260 1331 324 1390; x_wconf 91' lang='lat' dir='ltr'><strong>quod</strong></span> <span class='ocrx_word' id='word_1_138' title='bbox 335 1343 408 1390; x_wconf 90' lang='lat' dir='ltr'><strong>supra</strong></span> <span class='ocrx_word' id='word_1_139' title='bbox 418 1343 444 1379; x_wconf 89' lang='lat' dir='ltr'><strong>se</strong></span> <span class='ocrx_word' id='word_1_140' title='bbox 457 1329 535 1386; x_wconf 82' lang='lat' dir='ltr'><strong>essct,</strong></span> <span class='ocrx_word' id='word_1_141' title='bbox 547 1329 617 1386; x_wconf 79' lang='lat' dir='ltr'><strong>cuius</strong></span> <span class='ocrx_word' id='word_1_142' title='bbox 630 1338 683 1373; x_wconf 83' lang='lat' dir='ltr'><strong>me-</strong></span> <span class='ocrx_word' id='word_1_143' title='bbox 706 1330 778 1376; x_wconf 89' lang='lat' dir='ltr'><strong>corda</strong></span> <span class='ocrx_word' id='word_1_144' title='bbox 786 1330 927 1390; x_wconf 85' lang='lat' dir='ltr'><strong>semetquae</strong></span> <span class='ocrx_word' id='word_1_145' title='bbox 935 1330 987 1389; x_wconf 92' lang='lat' dir='ltr'><strong>ipse</strong></span> <span class='ocrx_word' id='word_1_146' title='bbox 996 1327 1100 1384; x_wconf 85' lang='lat' dir='ltr'><strong>creavit,</strong></span> <span class='ocrx_word' id='word_1_147' title='bbox 1110 1327 1231 1373; x_wconf 79' lang='lat' dir='ltr'><strong>insererer</strong></span> 
     </span>
     <span class='ocr_line' id='line_1_15' title="bbox 157 1395 1233 1458; baseline -0.004 -12"><span class='ocrx_word' id='word_1_148' title='bbox 157 1399 233 1446; x_wconf 89' lang='lat' dir='ltr'><strong>ritum</strong></span> <span class='ocrx_word' id='word_1_149' title='bbox 244 1400 368 1458; x_wconf 80' lang='lat' dir='ltr'><strong>ignoraret</strong></span> <span class='ocrx_word' id='word_1_150' title='bbox 379 1399 477 1455; x_wconf 88' lang='lat' dir='ltr'><strong>auctor,</strong></span> <span class='ocrx_word' id='word_1_151' title='bbox 488 1396 558 1455; x_wconf 81' lang='lat' dir='ltr'><strong>cuius</strong></span> <span class='ocrx_word' id='word_1_152' title='bbox 568 1397 682 1444; x_wconf 76' lang='lat' dir='ltr'><strong>affectum</strong></span> <span class='ocrx_word' id='word_1_153' title='bbox 706 1398 748 1444; x_wconf 90' lang='lat' dir='ltr'><strong>sed</strong></span> <span class='ocrx_word' id='word_1_154' title='bbox 759 1410 787 1444; x_wconf 93' lang='lat' dir='ltr'><strong>ea</strong></span> <span class='ocrx_word' id='word_1_155' title='bbox 798 1412 853 1458; x_wconf 82' lang='lat' dir='ltr'><strong>quae</strong></span> <span class='ocrx_word' id='word_1_156' title='bbox 864 1399 915 1458; x_wconf 87' lang='lat' dir='ltr'><strong>ipse</strong></span> <span class='ocrx_word' id='word_1_157' title='bbox 927 1397 999 1456; x_wconf 82' lang='lat' dir='ltr'><strong>iecit,</strong></span> <span class='ocrx_word' id='word_1_158' title='bbox 1009 1408 1059 1444; x_wconf 92' lang='lat' dir='ltr'><strong>non</strong></span> <span class='ocrx_word' id='word_1_159' title='bbox 1067 1397 1151 1454; x_wconf 80' lang='lat' dir='ltr'><strong>videt,</strong></span> <span class='ocrx_word' id='word_1_160' title='bbox 1163 1398 1189 1442; x_wconf 90' lang='lat' dir='ltr'><strong>et</strong></span> <span class='ocrx_word' id='word_1_161' title='bbox 1199 1395 1233 1442; x_wconf 85' lang='lat' dir='ltr'><strong>io-</strong></span> 
     </span>
     <span class='ocr_line' id='line_1_16' title="bbox 156 1464 1232 1526; baseline -0.004 -12"><span class='ocrx_word' id='word_1_162' title='bbox 156 1468 263 1514; x_wconf 85' lang='lat' dir='ltr'><strong>nesciret</strong></span> <span class='ocrx_word' id='word_1_163' title='bbox 271 1465 377 1514; x_wconf 76' lang='lat' dir='ltr'><strong>arbiter?</strong></span> <span class='ocrx_word' id='word_1_164' title='bbox 388 1466 445 1512; x_wconf 86' lang='lat' dir='ltr'><strong>ilaec</strong></span> <span class='ocrx_word' id='word_1_165' title='bbox 455 1465 515 1511; x_wconf 89' lang='lat' dir='ltr'><strong>iliis.</strong></span> <span class='ocrx_word' id='word_1_166' title='bbox 706 1466 740 1513; x_wconf 90' lang='lat' dir='ltr'><strong>eit</strong></span> <span class='ocrx_word' id='word_1_167' title='bbox 753 1467 781 1513; x_wconf 88' lang='lat' dir='ltr'><strong>ut</strong></span> <span class='ocrx_word' id='word_1_168' title='bbox 790 1469 891 1514; x_wconf 83' lang='lat' dir='ltr'><strong>meliora</strong></span> <span class='ocrx_word' id='word_1_169' title='bbox 905 1468 955 1514; x_wconf 87' lang='lat' dir='ltr'><strong>sint</strong></span> <span class='ocrx_word' id='word_1_170' title='bbox 970 1479 1023 1526; x_wconf 82' lang='lat' dir='ltr'><strong>qnae</strong></span> <span class='ocrx_word' id='word_1_171' title='bbox 1040 1465 1106 1513; x_wconf 84' lang='lat' dir='ltr'><strong>iacta</strong></span> <span class='ocrx_word' id='word_1_172' title='bbox 1122 1466 1193 1522; x_wconf 90' lang='lat' dir='ltr'><strong>suut,</strong></span> <span class='ocrx_word' id='word_1_173' title='bbox 1209 1464 1232 1511; x_wconf 92' lang='lat' dir='ltr'><strong>et</strong></span> 
     </span>
     <span class='ocr_line' id='line_1_17' title="bbox 187 1531 1232 1596; baseline -0.003 -15"><span class='ocrx_word' id='word_1_174' title='bbox 187 1536 225 1581; x_wconf 76' lang='grc'><strong>55.</strong></span> <span class='ocrx_word' id='word_1_175' title='bbox 237 1536 354 1584; x_wconf 78' lang='lat' dir='ltr'><strong>Ceterum</strong></span> <span class='ocrx_word' id='word_1_176' title='bbox 362 1534 432 1582; x_wconf 85' lang='lat' dir='ltr'><strong>nobis</strong></span> <span class='ocrx_word' id='word_1_177' title='bbox 440 1532 542 1580; x_wconf 85' lang='lat' dir='ltr'><strong>satisest</strong></span> <span class='ocrx_word' id='word_1_178' title='bbox 550 1533 626 1592; x_wconf 90' lang='lat' dir='ltr'><strong>ipsius</strong></span> <span class='ocrx_word' id='word_1_179' title='bbox 634 1532 683 1579; x_wconf 84' lang='lat' dir='ltr'><strong>tes·</strong></span> <span class='ocrx_word' id='word_1_180' title='bbox 706 1536 857 1596; x_wconf 86' lang='lat' dir='ltr'><strong>potentiora,</strong></span> <span class='ocrx_word' id='word_1_181' title='bbox 873 1548 945 1596; x_wconf 88' lang='lat' dir='ltr'><strong>quam</strong></span> <span class='ocrx_word' id='word_1_182' title='bbox 955 1535 1008 1594; x_wconf 89' lang='lat' dir='ltr'><strong>ipsc</strong></span> <span class='ocrx_word' id='word_1_183' title='bbox 1020 1533 1112 1593; x_wconf 87' lang='lat' dir='ltr'><strong>estqui</strong></span> <span class='ocrx_word' id='word_1_184' title='bbox 1124 1531 1232 1590; x_wconf 71' lang='lat' dir='ltr'><strong>coiecit,</strong></span> 
     </span>
     <span class='ocr_line' id='line_1_18' title="bbox 157 1601 1233 1664; baseline -0.002 -16"><span class='ocrx_word' id='word_1_185' title='bbox 157 1601 302 1661; x_wconf 87' lang='lat' dir='ltr'><strong>timonium,</strong></span> <span class='ocrx_word' id='word_1_186' title='bbox 316 1604 359 1660; x_wconf 92' lang='lat' dir='ltr'><strong>qui</strong></span> <span class='ocrx_word' id='word_1_187' title='bbox 369 1602 404 1648; x_wconf 90' lang='lat' dir='ltr'><strong>ait</strong></span> <span class='ocrx_word' id='word_1_188' title='bbox 420 1615 427 1646; x_wconf 74' lang='grc' dir='ltr'><em>τ</em></span> <span class='ocrx_word' id='word_1_189' title='bbox 442 1602 493 1660; x_wconf 78' lang='lat' dir='ltr'><strong>qu</strong></span> <span class='ocrx_word' id='word_1_190' title='bbox 508 1613 560 1647; x_wconf 82' lang='lat' dir='ltr'><strong>rum</strong></span> <span class='ocrx_word' id='word_1_191' title='bbox 576 1603 683 1647; x_wconf 71' lang='lat' dir='ltr'><strong>cautuae</strong></span> <span class='ocrx_word' id='word_1_192' title='bbox 707 1607 734 1651; x_wconf 92' lang='lat' dir='ltr'><strong>ut</strong></span> <span class='ocrx_word' id='word_1_193' title='bbox 744 1605 836 1663; x_wconf 87' lang='lat' dir='ltr'><strong>possint</strong></span> <span class='ocrx_word' id='word_1_194' title='bbox 847 1604 942 1664; x_wconf 90' lang='lat' dir='ltr'><strong>quando</strong></span> <span class='ocrx_word' id='word_1_195' title='bbox 955 1603 1054 1660; x_wconf 89' lang='lat' dir='ltr'><strong>voiunt,</strong></span> <span class='ocrx_word' id='word_1_196' title='bbox 1067 1602 1233 1662; x_wconf 83' lang='lat' dir='ltr'><strong>cognitionem</strong></span> 
     </span>
     <span class='ocr_line' id='line_1_19' title="bbox 107 1668 1234 1732; baseline -0.012 -14"><span class='ocrx_word' id='word_1_197' title='bbox 107 1681 108 1686; x_wconf 74' lang='grc'>’</span> <span class='ocrx_word' id='word_1_198' title='bbox 157 1673 228 1718; x_wconf 82' lang='lat' dir='ltr'><strong>cordo</strong></span> <span class='ocrx_word' id='word_1_199' title='bbox 236 1674 257 1719; x_wconf 86' lang='lat' dir='ltr'><strong>et</strong></span> <span class='ocrx_word' id='word_1_200' title='bbox 265 1684 338 1718; x_wconf 83' lang='lat' dir='ltr'><strong>renes.</strong></span> <span class='ocrx_word' id='word_1_201' title='bbox 350 1670 411 1717; x_wconf 86' lang='lat' dir='ltr'><strong>Etin</strong></span> <span class='ocrx_word' id='word_1_202' title='bbox 420 1669 550 1727; x_wconf 72' lang='lat' dir='ltr'><strong>Evangelio</strong></span> <span class='ocrx_word' id='word_1_203' title='bbox 559 1668 683 1715; x_wconf 89' lang='lat' dir='ltr'><strong>aitDomi-</strong></span> <span class='ocrx_word' id='word_1_204' title='bbox 706 1673 744 1719; x_wconf 74' lang='lat' dir='ltr'><strong>sur</strong></span> <span class='ocrx_word' id='word_1_205' title='bbox 759 1676 892 1732; x_wconf 64' lang='lat' dir='ltr'><strong>operatoris</strong></span> <span class='ocrx_word' id='word_1_206' title='bbox 904 1671 994 1720; x_wconf 67' lang='lat' dir='ltr'><strong>patere?</strong></span> <span class='ocrx_word' id='word_1_207' title='bbox 1004 1671 1108 1718; x_wconf 61' lang='lat' dir='ltr'><strong>Tantam</strong></span> <span class='ocrx_word' id='word_1_208' title='bbox 1120 1682 1177 1729; x_wconf 63' lang='lat' dir='ltr'><strong>ergo</strong></span> <span class='ocrx_word' id='word_1_209' title='bbox 1188 1669 1234 1715; x_wconf 64' lang='lat' dir='ltr'><strong>vif.</strong></span> 
     </span>
     <span class='ocr_line' id='line_1_20' title="bbox 156 1738 1234 1802; baseline -0.002 -16"><span class='ocrx_word' id='word_1_210' title='bbox 156 1751 204 1786; x_wconf 89' lang='lat' dir='ltr'><strong>nus</strong></span> <span class='ocrx_word' id='word_1_211' title='bbox 213 1741 282 1787; x_wconf 80' lang='lat' dir='ltr'><strong>iesus</strong></span> <span class='ocrx_word' id='word_1_212' title='bbox 294 1754 301 1785; x_wconf 77' lang='grc' dir='ltr'><strong>ι</strong></span> <span class='ocrx_word' id='word_1_213' title='bbox 314 1741 373 1800; x_wconf 84' lang='lat' dir='ltr'><strong>Quid</strong></span> <span class='ocrx_word' id='word_1_214' title='bbox 383 1740 488 1798; x_wconf 83' lang='lat' dir='ltr'><strong>coqitoiir</strong></span> <span class='ocrx_word' id='word_1_215' title='bbox 506 1738 570 1784; x_wconf 87' lang='lat' dir='ltr'><strong>main</strong></span> <span class='ocrx_word' id='word_1_216' title='bbox 587 1739 613 1783; x_wconf 86' lang='lat' dir='ltr'><strong>in</strong></span> <span class='ocrx_word' id='word_1_217' title='bbox 630 1750 683 1784; x_wconf 82' lang='lat' dir='ltr'><strong>cor·</strong></span> <span class='ocrx_word' id='word_1_218' title='bbox 706 1743 784 1787; x_wconf 87' lang='lat' dir='ltr'><strong>tutem</strong></span> <span class='ocrx_word' id='word_1_219' title='bbox 795 1744 821 1790; x_wconf 87' lang='lat' dir='ltr'><strong>ei</strong></span> <span class='ocrx_word' id='word_1_220' title='bbox 832 1743 977 1802; x_wconf 85' lang='lat' dir='ltr'><strong>potestatem</strong></span> <span class='ocrx_word' id='word_1_221' title='bbox 989 1740 1096 1786; x_wconf 89' lang='lat' dir='ltr'><strong>inseruit</strong></span> <span class='ocrx_word' id='word_1_222' title='bbox 1113 1738 1234 1786; x_wconf 82' lang='lat' dir='ltr'><strong>mentibus</strong></span> 
     </span>
     <span class='ocr_line' id='line_1_21' title="bbox 157 1805 1234 1869; baseline -0.001 -15"><span class='ocrx_word' id='word_1_223' title='bbox 157 1807 224 1854; x_wconf 66' lang='lat' dir='ltr'><strong>mbae</strong></span> <span class='ocrx_word' id='word_1_224' title='bbox 243 1807 339 1856; x_wconf 75' lang='lat' dir='ltr'><strong>cestris?</strong></span> <span class='ocrx_word' id='word_1_225' title='bbox 360 1805 458 1853; x_wconf 83' lang='lat' dir='ltr'><strong>Sciebat</strong></span> <span class='ocrx_word' id='word_1_226' title='bbox 472 1805 539 1852; x_wconf 89' lang='lat' dir='ltr'><strong>euim</strong></span> <span class='ocrx_word' id='word_1_227' title='bbox 560 1805 625 1863; x_wconf 91' lang='lat' dir='ltr'><strong>quod</strong></span> <span class='ocrx_word' id='word_1_228' title='bbox 642 1818 682 1852; x_wconf 90' lang='lat' dir='ltr'><strong>co·</strong></span> <span class='ocrx_word' id='word_1_229' title='bbox 706 1811 808 1868; x_wconf 84' lang='lat' dir='ltr'><strong>nostris,</strong></span> <span class='ocrx_word' id='word_1_230' title='bbox 827 1814 855 1859; x_wconf 90' lang='lat' dir='ltr'><strong>ut</strong></span> <span class='ocrx_word' id='word_1_231' title='bbox 875 1824 929 1857; x_wconf 88' lang='lat' dir='ltr'><strong>enm</strong></span> <span class='ocrx_word' id='word_1_232' title='bbox 948 1809 1161 1869; x_wconf 84' lang='lat' dir='ltr'><strong>comprehendere</strong></span> <span class='ocrx_word' id='word_1_233' title='bbox 1179 1819 1234 1854; x_wconf 87' lang='lat' dir='ltr'><strong>cum</strong></span> 
     </span>
     <span class='ocr_line' id='line_1_22' title="bbox 156 1875 1003 1940; baseline 0.001 -16"><span class='ocrx_word' id='word_1_234' title='bbox 156 1879 265 1937; x_wconf 74' lang='lat' dir='ltr'><strong>pitanent</strong></span> <span class='ocrx_word' id='word_1_235' title='bbox 286 1878 359 1925; x_wconf 88' lang='lat' dir='ltr'><strong>mala.</strong></span> <span class='ocrx_word' id='word_1_236' title='bbox 385 1877 496 1935; x_wconf 84' lang='lat' dir='ltr'><strong>Denique</strong></span> <span class='ocrx_word' id='word_1_237' title='bbox 529 1875 683 1933; x_wconf 76' lang='lat' dir='ltr'><strong>Eranqeiista</strong></span> <span class='ocrx_word' id='word_1_238' title='bbox 706 1877 1003 1940; x_wconf 67' lang='lat' dir='ltr'><strong>velraipsenonpossue</strong></span> 
     </span>
     <span class='ocr_line' id='line_1_23' title="bbox 156 1944 683 1995; baseline -0.009 -1"><span class='ocrx_word' id='word_1_239' title='bbox 156 1947 261 1994; x_wconf 85' lang='lat' dir='ltr'><strong>testatur</strong></span> <span class='ocrx_word' id='word_1_240' title='bbox 275 1946 360 1995; x_wconf 88' lang='lat' dir='ltr'><strong>dicens</strong></span> <span class='ocrx_word' id='word_1_241' title='bbox 370 1959 378 1992; x_wconf 78' lang='lat' dir='ltr'><strong>c</strong></span> <span class='ocrx_word' id='word_1_242' title='bbox 389 1945 481 1993; x_wconf 71' lang='lat' dir='ltr'><strong>seicbm</strong></span> <span class='ocrx_word' id='word_1_243' title='bbox 490 1944 552 1991; x_wconf 79' lang='lat' dir='ltr'><strong>caim</strong></span> <span class='ocrx_word' id='word_1_244' title='bbox 567 1945 634 1991; x_wconf 73' lang='lat' dir='ltr'><strong>iesus</strong></span> <span class='ocrx_word' id='word_1_245' title='bbox 644 1957 683 1990; x_wconf 92' lang='lat' dir='ltr'><strong>eo·</strong></span> 
     </span>
    </p>
   </div>
   <div class='ocr_carea' id='block_1_3' title="bbox 156 2017 1068 2142">
    <p class='ocr_par' dir='ltr' id='par_1_3' title="bbox 156 2017 1068 2142">
     <span class='ocr_line' id='line_1_24' title="bbox 156 2017 1068 2142; baseline 0.027 -16"><span class='ocrx_word' id='word_1_246' title='bbox 156 2017 403 2141; x_wconf 49' lang='lat' dir='ltr'><strong>iiigliffloffiigon</strong></span> <span class='ocrx_word' id='word_1_247' title='bbox 414 2081 504 2142; x_wconf 87' lang='lat' dir='ltr'><strong>poterit</strong></span> <span class='ocrx_word' id='word_1_248' title='bbox 516 2082 682 2128; x_wconf 82' lang='lat' dir='ltr'><strong>satismovcre</strong></span> <span class='ocrx_word' id='word_1_249' title='bbox 856 2057 983 2111; x_wconf 67' lang='lat' dir='ltr'>CAPUT</span> <span class='ocrx_word' id='word_1_250' title='bbox 1001 2057 1068 2108; x_wconf 54' lang='grc' dir='ltr'><strong>Π</strong></span> 
     </span>
    </p>
   </div>
   <div class='ocr_carea' id='block_1_4' title="bbox 156 2149 1236 2275">
    <p class='ocr_par' dir='ltr' id='par_1_4' title="bbox 156 2149 1236 2275">
     <span class='ocr_line' id='line_1_25' title="bbox 158 2149 1236 2222; baseline -0.001 -13"><span class='ocrx_word' id='word_1_251' title='bbox 158 2151 254 2209; x_wconf 64' lang='lat' dir='ltr'><strong>⁰Pi¹¹i⁰s</strong></span> <span class='ocrx_word' id='word_1_252' title='bbox 273 2151 293 2196; x_wconf 67' lang='lat' dir='ltr'><strong>Si</strong></span> <span class='ocrx_word' id='word_1_253' title='bbox 309 2150 373 2197; x_wconf 66' lang='lat' dir='ltr'><strong>facta</strong></span> <span class='ocrx_word' id='word_1_254' title='bbox 391 2163 475 2197; x_wconf 60' lang='lat' dir='ltr'><strong>⁶⁰¹⁰OE</strong></span> <span class='ocrx_word' id='word_1_255' title='bbox 491 2149 681 2195; x_wconf 57' lang='grc' dir='ltr'><strong>ΰοῃῦἰάθῗθωυθ·</strong></span> <span class='ocrx_word' id='word_1_256' title='bbox 707 2171 791 2222; x_wconf 86' lang='lat' dir='ltr'><strong>Quibus</strong></span> <span class='ocrx_word' id='word_1_257' title='bbox 801 2172 897 2220; x_wconf 84' lang='lat' dir='ltr'><strong>¹displicet</strong></span> <span class='ocrx_word' id='word_1_258' title='bbox 911 2171 970 2220; x_wconf 86' lang='lat' dir='ltr'><strong>quod</strong></span> <span class='ocrx_word' id='word_1_259' title='bbox 986 2172 1047 2210; x_wconf 84' lang='lat' dir='ltr'><strong>honis</strong></span> <span class='ocrx_word' id='word_1_260' title='bbox 1060 2171 1130 2218; x_wconf 72' lang='lat' dir='ltr'><strong>nude,</strong></span> <span class='ocrx_word' id='word_1_261' title='bbox 1142 2174 1164 2210; x_wconf 84' lang='lat' dir='ltr'><strong>ct</strong></span> <span class='ocrx_word' id='word_1_262' title='bbox 1176 2172 1236 2209; x_wconf 83' lang='lat' dir='ltr'><strong>maiis</strong></span> 
     </span>
     <span class='ocr_line' id='line_1_26' title="bbox 156 2216 1235 2275; baseline -0.002 -11"><span class='ocrx_word' id='word_1_263' title='bbox 156 2217 248 2264; x_wconf 83' lang='lat' dir='ltr'><strong>Nolunt</strong></span> <span class='ocrx_word' id='word_1_264' title='bbox 266 2228 339 2275; x_wconf 87' lang='lat' dir='ltr'><strong>supra</strong></span> <span class='ocrx_word' id='word_1_265' title='bbox 358 2229 385 2265; x_wconf 89' lang='lat' dir='ltr'><strong>se</strong></span> <span class='ocrx_word' id='word_1_266' title='bbox 404 2216 592 2274; x_wconf 72' lang='lat' dir='ltr'><strong>sessionnem,</strong></span> <span class='ocrx_word' id='word_1_267' title='bbox 609 2228 683 2273; x_wconf 86' lang='lat' dir='ltr'><strong>quern</strong></span> <span class='ocrx_word' id='word_1_268' title='bbox 729 2225 1235 2272; x_wconf 75' lang='lat' dir='ltr'><strong>uenesrr,euumrrexemproerrauuaucro-</strong></span> 
     </span>
    </p>
   </div>
   <div class='ocr_carea' id='block_1_5' title="bbox 156 2280 1288 4127">
    <p class='ocr_par' dir='ltr' id='par_1_5' title="bbox 156 2280 1235 2412">
     <span class='ocr_line' id='line_1_27' title="bbox 156 2280 1235 2344; baseline -0.006 -12"><span class='ocrx_word' id='word_1_269' title='bbox 156 2285 222 2333; x_wconf 87' lang='lat' dir='ltr'><strong>nihii</strong></span> <span class='ocrx_word' id='word_1_270' title='bbox 233 2284 301 2331; x_wconf 82' lang='lat' dir='ltr'><strong>fatiat</strong></span> <span class='ocrx_word' id='word_1_271' title='bbox 312 2297 318 2329; x_wconf 77' lang='lat' dir='ltr'><strong>c</strong></span> <span class='ocrx_word' id='word_1_272' title='bbox 330 2285 416 2332; x_wconf 82' lang='lat' dir='ltr'><strong>nolunt</strong></span> <span class='ocrx_word' id='word_1_273' title='bbox 427 2285 450 2330; x_wconf 88' lang='lat' dir='ltr'><strong>ei</strong></span> <span class='ocrx_word' id='word_1_274' title='bbox 462 2284 520 2330; x_wconf 90' lang='lat' dir='ltr'><strong>dare</strong></span> <span class='ocrx_word' id='word_1_275' title='bbox 533 2284 682 2330; x_wconf 88' lang='lat' dir='ltr'><strong>occultorum</strong></span> <span class='ocrx_word' id='word_1_276' title='bbox 730 2280 791 2344; x_wconf 64' lang='lat' dir='ltr'><strong>iiiiii</strong></span> <span class='ocrx_word' id='word_1_277' title='bbox 803 2281 923 2343; x_wconf 66' lang='lat' dir='ltr'><strong>ostenditur</strong></span> <span class='ocrx_word' id='word_1_278' title='bbox 931 2283 974 2327; x_wconf 71' lang='lat'><strong>9⁰⁵¹</strong></span> <span class='ocrx_word' id='word_1_279' title='bbox 984 2280 1051 2316; x_wconf 81' lang='lat' dir='ltr'><strong>vium</strong></span> <span class='ocrx_word' id='word_1_280' title='bbox 1059 2287 1128 2327; x_wconf 66' lang='lat' dir='ltr'><strong>1³emis</strong></span> <span class='ocrx_word' id='word_1_281' title='bbox 1136 2289 1161 2316; x_wconf 76' lang='lat'><strong>2⁶</strong></span> <span class='ocrx_word' id='word_1_282' title='bbox 1172 2288 1235 2326; x_wconf 59' lang='grc' dir='ltr'><strong>ΡΜ·</strong></span> 
     </span>
     <span class='ocr_line' id='line_1_28' title="bbox 157 2344 894 2412; baseline -0.007 -11"><span class='ocrx_word' id='word_1_283' title='bbox 157 2353 300 2412; x_wconf 85' lang='lat' dir='ltr'><strong>scientiam,</strong></span> <span class='ocrx_word' id='word_1_284' title='bbox 325 2352 367 2412; x_wconf 90' lang='lat' dir='ltr'><strong>qui</strong></span> <span class='ocrx_word' id='word_1_285' title='bbox 388 2352 503 2400; x_wconf 88' lang='lat' dir='ltr'><strong>metuunt</strong></span> <span class='ocrx_word' id='word_1_286' title='bbox 524 2352 617 2399; x_wconf 88' lang='lat' dir='ltr'><strong>occulta</strong></span> <span class='ocrx_word' id='word_1_287' title='bbox 640 2363 682 2397; x_wconf 89' lang='lat' dir='ltr'><strong>sua</strong></span> <span class='ocrx_word' id='word_1_288' title='bbox 729 2344 894 2381; x_wconf 66' lang='lat' dir='ltr'><strong>marescum.</strong></span> 
     </span>
    </p>

    <p class='ocr_par' dir='ltr' id='par_1_6' title="bbox 156 2420 1236 3578">
     <span class='ocr_line' id='line_1_29' title="bbox 157 2420 1236 2483; baseline -0.01 -15"><span class='ocrx_word' id='word_1_289' title='bbox 157 2421 237 2482; x_wconf 88' lang='lat' dir='ltr'><strong>prodi.</strong></span> <span class='ocrx_word' id='word_1_290' title='bbox 248 2421 296 2469; x_wconf 85' lang='lat' dir='ltr'><strong>sed</strong></span> <span class='ocrx_word' id='word_1_291' title='bbox 307 2422 381 2468; x_wconf 88' lang='lat' dir='ltr'><strong>etiarn</strong></span> <span class='ocrx_word' id='word_1_292' title='bbox 390 2420 508 2468; x_wconf 82' lang='lat' dir='ltr'><strong>Dominus</strong></span> <span class='ocrx_word' id='word_1_293' title='bbox 519 2421 599 2467; x_wconf 85' lang='lat' dir='ltr'><strong>sciens</strong></span> <span class='ocrx_word' id='word_1_294' title='bbox 610 2431 682 2479; x_wconf 88' lang='lat' dir='ltr'><strong>opera</strong></span> <span class='ocrx_word' id='word_1_295' title='bbox 735 2425 774 2473; x_wconf 78' lang='lat'><strong>57,</strong></span> <span class='ocrx_word' id='word_1_296' title='bbox 792 2427 849 2473; x_wconf 67' lang='lat' dir='ltr'><strong>ppo</strong></span> <span class='ocrx_word' id='word_1_297' title='bbox 867 2424 1029 2483; x_wconf 54' lang='lat' dir='ltr'><strong>nimivm,</strong></span> <span class='ocrx_word' id='word_1_298' title='bbox 1044 2423 1068 2471; x_wconf 59' lang='lat' dir='ltr'><strong>,t</strong></span> <span class='ocrx_word' id='word_1_299' title='bbox 1081 2422 1111 2470; x_wconf 71' lang='lat' dir='ltr'><strong>ut</strong></span> <span class='ocrx_word' id='word_1_300' title='bbox 1129 2422 1236 2469; x_wconf 62' lang='lat' dir='ltr'><strong>arbim.</strong></span> 
     </span>
     <span class='ocr_line' id='line_1_30' title="bbox 158 2489 1235 2553; baseline -0.004 -16"><span class='ocrx_word' id='word_1_301' title='bbox 158 2489 682 2549; x_wconf 71' lang='lat' dir='ltr'><strong>eorum,tradiditeosintenebrasdaaocte,</strong></span> <span class='ocrx_word' id='word_1_302' title='bbox 707 2507 774 2553; x_wconf 71' lang='lat' dir='ltr'><strong>mur,</strong></span> <span class='ocrx_word' id='word_1_303' title='bbox 790 2507 838 2540; x_wconf 69' lang='lat'><strong>„011</strong></span> <span class='ocrx_word' id='word_1_304' title='bbox 855 2495 988 2552; x_wconf 70' lang='lat' dir='ltr'><strong>incongrue</strong></span> <span class='ocrx_word' id='word_1_305' title='bbox 1005 2492 1075 2539; x_wconf 78' lang='lat' dir='ltr'><strong>nobis</strong></span> <span class='ocrx_word' id='word_1_306' title='bbox 1090 2491 1235 2549; x_wconf 77' lang='lat' dir='ltr'><strong>hujusmodi</strong></span> 
     </span>
     <span class='ocr_line' id='line_1_31' title="bbox 157 2559 1236 2622; baseline 0 -16"><span class='ocrx_word' id='word_1_307' title='bbox 157 2560 253 2620; x_wconf 89' lang='lat' dir='ltr'><strong>inquit,</strong></span> <span class='ocrx_word' id='word_1_308' title='bbox 267 2561 312 2606; x_wconf 84' lang='lat' dir='ltr'><strong>erit</strong></span> <span class='ocrx_word' id='word_1_309' title='bbox 325 2561 373 2617; x_wconf 75' lang='lat' dir='ltr'><strong>iar.</strong></span> <span class='ocrx_word' id='word_1_310' title='bbox 386 2560 417 2605; x_wconf 78' lang='lat' dir='ltr'><strong>Et</strong></span> <span class='ocrx_word' id='word_1_311' title='bbox 428 2559 507 2606; x_wconf 79' lang='lat' dir='ltr'><strong>ocutus</strong></span> <span class='ocrx_word' id='word_1_312' title='bbox 521 2559 621 2604; x_wconf 74' lang='lat' dir='ltr'><strong>adulteri</strong></span> <span class='ocrx_word' id='word_1_313' title='bbox 635 2571 683 2604; x_wconf 72' lang='lat' dir='ltr'><strong>aar·</strong></span> <span class='ocrx_word' id='word_1_314' title='bbox 707 2563 946 2622; x_wconf 88' lang='lat' dir='ltr'><strong>ceciditdisputatio.</strong></span> <span class='ocrx_word' id='word_1_315' title='bbox 955 2561 1236 2620; x_wconf 78' lang='lat' dir='ltr'><strong>Tertinmgenusquaes·</strong></span> 
     </span>
     <span class='ocr_line' id='line_1_32' title="bbox 158 2625 1236 2688; baseline -0.01 -3"><span class='ocrx_word' id='word_1_316' title='bbox 158 2628 221 2677; x_wconf 63' lang='lat' dir='ltr'><strong>viiii</strong></span> <span class='ocrx_word' id='word_1_317' title='bbox 231 2628 349 2685; x_wconf 64' lang='lat' dir='ltr'><strong>imbrii,</strong></span> <span class='ocrx_word' id='word_1_318' title='bbox 361 2627 436 2674; x_wconf 66' lang='lat' dir='ltr'><strong>dicim</strong></span> <span class='ocrx_word' id='word_1_319' title='bbox 448 2641 455 2672; x_wconf 88' lang='lat'><strong>··</strong></span> <span class='ocrx_word' id='word_1_320' title='bbox 467 2627 521 2673; x_wconf 75' lang='lat' dir='ltr'><strong>N0²¹</strong></span> <span class='ocrx_word' id='word_1_321' title='bbox 532 2625 683 2673; x_wconf 64' lang='lat' dir='ltr'><strong>considerabit</strong></span> <span class='ocrx_word' id='word_1_322' title='bbox 707 2633 780 2678; x_wconf 90' lang='lat' dir='ltr'><strong>tionis</strong></span> <span class='ocrx_word' id='word_1_323' title='bbox 792 2632 882 2678; x_wconf 85' lang='lat' dir='ltr'><strong>residet</strong></span> <span class='ocrx_word' id='word_1_324' title='bbox 895 2629 1033 2688; x_wconf 87' lang='lat' dir='ltr'><strong>hujusmodi</strong></span> <span class='ocrx_word' id='word_1_325' title='bbox 1045 2643 1052 2674; x_wconf 76' lang='lat' dir='ltr'><strong>t</strong></span> <span class='ocrx_word' id='word_1_326' title='bbox 1065 2641 1111 2675; x_wconf 88' lang='lat' dir='ltr'><strong>cur</strong></span> <span class='ocrx_word' id='word_1_327' title='bbox 1123 2631 1236 2688; x_wconf 87' lang='lat' dir='ltr'><strong>pcccato-</strong></span> 
     </span>
     <span class='ocr_line' id='line_1_33' title="bbox 157 2695 1236 2758; baseline -0.002 -12"><span class='ocrx_word' id='word_1_328' title='bbox 157 2709 194 2744; x_wconf 85' lang='lat' dir='ltr'><strong>anc</strong></span> <span class='ocrx_word' id='word_1_329' title='bbox 206 2699 284 2744; x_wconf 81' lang='lat' dir='ltr'><strong>oculus</strong></span> <span class='ocrx_word' id='word_1_330' title='bbox 301 2710 309 2743; x_wconf 85' lang='lat'><strong>.·</strong></span> <span class='ocrx_word' id='word_1_331' title='bbox 326 2699 348 2742; x_wconf 82' lang='lat' dir='ltr'><strong>ei</strong></span> <span class='ocrx_word' id='word_1_332' title='bbox 359 2695 480 2743; x_wconf 70' lang='lat' dir='ltr'><strong>latibulum</strong></span> <span class='ocrx_word' id='word_1_333' title='bbox 492 2707 596 2754; x_wconf 66' lang='lat' dir='ltr'><strong>personui</strong></span> <span class='ocrx_word' id='word_1_334' title='bbox 608 2695 683 2753; x_wconf 70' lang='lat' dir='ltr'><strong>posuit</strong></span> <span class='ocrx_word' id='word_1_335' title='bbox 706 2713 745 2747; x_wconf 90' lang='lat' dir='ltr'><strong>res</strong></span> <span class='ocrx_word' id='word_1_336' title='bbox 754 2700 877 2747; x_wconf 82' lang='lat' dir='ltr'><strong>abundent</strong></span> <span class='ocrx_word' id='word_1_337' title='bbox 886 2700 972 2758; x_wconf 91' lang='lat' dir='ltr'><strong>opibus</strong></span> <span class='ocrx_word' id='word_1_338' title='bbox 982 2698 1125 2756; x_wconf 88' lang='lat' dir='ltr'><strong>etdivitiis,</strong></span> <span class='ocrx_word' id='word_1_339' title='bbox 1135 2699 1236 2755; x_wconf 86' lang='lat' dir='ltr'><strong>eputen-</strong></span> 
     </span>
     <span class='ocr_line' id='line_1_34' title="bbox 157 2761 1233 2827; baseline -0.009 -6"><span class='ocrx_word' id='word_1_340' title='bbox 157 2778 213 2813; x_wconf 65' lang='grc' dir='ltr'><strong>Μ·</strong></span> <span class='ocrx_word' id='word_1_341' title='bbox 226 2765 309 2811; x_wconf 65' lang='lat' dir='ltr'>0¹¹¹ssss</span> <span class='ocrx_word' id='word_1_342' title='bbox 322 2763 387 2809; x_wconf 68' lang='lat' dir='ltr'><strong>essim</strong></span> <span class='ocrx_word' id='word_1_343' title='bbox 398 2763 441 2821; x_wconf 72' lang='lat' dir='ltr'><strong>‘lui</strong></span> <span class='ocrx_word' id='word_1_344' title='bbox 451 2763 530 2809; x_wconf 66' lang='lat' dir='ltr'><strong>lucem</strong></span> <span class='ocrx_word' id='word_1_345' title='bbox 539 2761 616 2819; x_wconf 65' lang='lat' dir='ltr'><strong>subii,</strong></span> <span class='ocrx_word' id='word_1_346' title='bbox 629 2761 684 2806; x_wconf 67' lang='lat' dir='ltr'><strong>dili·</strong></span> <span class='ocrx_word' id='word_1_347' title='bbox 708 2771 748 2815; x_wconf 85' lang='lat' dir='ltr'><strong>tur</strong></span> <span class='ocrx_word' id='word_1_348' title='bbox 755 2769 863 2827; x_wconf 76' lang='lat' dir='ltr'><strong>iugiter,</strong></span> <span class='ocrx_word' id='word_1_349' title='bbox 878 2770 930 2814; x_wconf 88' lang='lat' dir='ltr'><strong>sine</strong></span> <span class='ocrx_word' id='word_1_350' title='bbox 944 2778 1063 2823; x_wconf 90' lang='lat' dir='ltr'><strong>moerore,</strong></span> <span class='ocrx_word' id='word_1_351' title='bbox 1079 2766 1137 2812; x_wconf 90' lang='lat' dir='ltr'><strong>sine</strong></span> <span class='ocrx_word' id='word_1_352' title='bbox 1154 2766 1233 2826; x_wconf 84' lang='lat' dir='ltr'><strong>inctir3</strong></span> 
     </span>
     <span class='ocr_line' id='line_1_35' title="bbox 157 2831 1235 2894; baseline -0.009 -4"><span class='ocrx_word' id='word_1_353' title='bbox 157 2833 193 2890; x_wconf 72' lang='lat' dir='ltr'><strong>b&#39;ii</strong></span> <span class='ocrx_word' id='word_1_354' title='bbox 203 2831 325 2888; x_wconf 63' lang='lat' dir='ltr'><strong>iessebrisss</strong></span> <span class='ocrx_word' id='word_1_355' title='bbox 334 2831 530 2888; x_wconf 58' lang='lat' dir='ltr'><strong>iiudess‘siaieffl,</strong></span> <span class='ocrx_word' id='word_1_356' title='bbox 539 2843 595 2877; x_wconf 66' lang='lat'><strong>⁰⁰⁸¹</strong></span> <span class='ocrx_word' id='word_1_357' title='bbox 604 2831 682 2876; x_wconf 63' lang='lat' dir='ltr'><strong>Deum</strong></span> <span class='ocrx_word' id='word_1_358' title='bbox 705 2836 764 2894; x_wconf 82' lang='lat' dir='ltr'><strong>iusti</strong></span> <span class='ocrx_word' id='word_1_359' title='bbox 777 2838 860 2882; x_wconf 87' lang='lat' dir='ltr'><strong>autem</strong></span> <span class='ocrx_word' id='word_1_360' title='bbox 875 2836 977 2894; x_wconf 79' lang='lat' dir='ltr'><strong>egeant,</strong></span> <span class='ocrx_word' id='word_1_361' title='bbox 995 2835 1023 2880; x_wconf 92' lang='lat' dir='ltr'><strong>et</strong></span> <span class='ocrx_word' id='word_1_362' title='bbox 1037 2833 1181 2880; x_wconf 81' lang='lat' dir='ltr'><strong>afficiantur</strong></span> <span class='ocrx_word' id='word_1_363' title='bbox 1196 2837 1235 2880; x_wconf 88' lang='lat' dir='ltr'><strong>ant</strong></span> 
     </span>
     <span class='ocr_line' id='line_1_36' title="bbox 158 2897 1234 2965; baseline -0.001 -18"><span class='ocrx_word' id='word_1_364' title='bbox 158 2903 236 2949; x_wconf 88' lang='lat' dir='ltr'><strong>latere</strong></span> <span class='ocrx_word' id='word_1_365' title='bbox 250 2912 297 2947; x_wconf 91' lang='lat' dir='ltr'><strong>uon</strong></span> <span class='ocrx_word' id='word_1_366' title='bbox 308 2897 396 2958; x_wconf 84' lang='lat' dir='ltr'><strong>possit,</strong></span> <span class='ocrx_word' id='word_1_367' title='bbox 407 2899 450 2958; x_wconf 92' lang='lat' dir='ltr'><strong>qui</strong></span> <span class='ocrx_word' id='word_1_368' title='bbox 462 2899 525 2945; x_wconf 89' lang='lat' dir='ltr'><strong>intra</strong></span> <span class='ocrx_word' id='word_1_369' title='bbox 536 2898 683 2958; x_wconf 77' lang='lat' dir='ltr'><strong>profundum</strong></span> <span class='ocrx_word' id='word_1_370' title='bbox 707 2907 835 2965; x_wconf 69' lang='lat' dir='ltr'><strong>conjugum</strong></span> <span class='ocrx_word' id='word_1_371' title='bbox 857 2901 1000 2962; x_wconf 77' lang='lat' dir='ltr'><strong>amissione,</strong></span> <span class='ocrx_word' id='word_1_372' title='bbox 1023 2905 1067 2950; x_wconf 79' lang='lat' dir='ltr'><strong>aut</strong></span> <span class='ocrx_word' id='word_1_373' title='bbox 1083 2902 1234 2950; x_wconf 74' lang='lat' dir='ltr'><strong>liberorum?</strong></span> 
     </span>
     <span class='ocr_line' id='line_1_37' title="bbox 158 2967 1234 3034; baseline -0.003 -14"><span class='ocrx_word' id='word_1_374' title='bbox 158 2969 254 3030; x_wconf 77' lang='lat' dir='ltr'><strong>abyssi,</strong></span> <span class='ocrx_word' id='word_1_375' title='bbox 270 2968 296 3017; x_wconf 77' lang='lat' dir='ltr'><strong>ei</strong></span> <span class='ocrx_word' id='word_1_376' title='bbox 306 2967 370 3015; x_wconf 68' lang='lat' dir='ltr'><strong>iniri</strong></span> <span class='ocrx_word' id='word_1_377' title='bbox 381 2967 508 3016; x_wconf 77' lang='lat' dir='ltr'><strong>hominum</strong></span> <span class='ocrx_word' id='word_1_378' title='bbox 523 2970 618 3015; x_wconf 74' lang='lat' dir='ltr'><strong>menies</strong></span> <span class='ocrx_word' id='word_1_379' title='bbox 634 2980 681 3014; x_wconf 79' lang='lat' dir='ltr'><strong>¹¹0¹l</strong></span> <span class='ocrx_word' id='word_1_380' title='bbox 706 2977 798 3034; x_wconf 83' lang='lat' dir='ltr'><strong>Quibus</strong></span> <span class='ocrx_word' id='word_1_381' title='bbox 808 2974 947 3021; x_wconf 82' lang='lat' dir='ltr'><strong>satisfacere</strong></span> <span class='ocrx_word' id='word_1_382' title='bbox 959 2973 1044 3020; x_wconf 86' lang='lat' dir='ltr'><strong>debuit</strong></span> <span class='ocrx_word' id='word_1_383' title='bbox 1055 2972 1101 3018; x_wconf 86' lang='lat' dir='ltr'><strong>illa</strong></span> <span class='ocrx_word' id='word_1_384' title='bbox 1111 2973 1234 3031; x_wconf 78' lang='lat' dir='ltr'><strong>Evangelii</strong></span> 
     </span>
     <span class='ocr_line' id='line_1_38' title="bbox 158 3036 1234 3102; baseline 0.004 -18"><span class='ocrx_word' id='word_1_385' title='bbox 158 3038 237 3084; x_wconf 83' lang='lat' dir='ltr'><strong>solum</strong></span> <span class='ocrx_word' id='word_1_386' title='bbox 249 3036 363 3094; x_wconf 87' lang='lat' dir='ltr'><strong>tractata,</strong></span> <span class='ocrx_word' id='word_1_387' title='bbox 375 3036 418 3082; x_wconf 89' lang='lat' dir='ltr'><strong>sed</strong></span> <span class='ocrx_word' id='word_1_388' title='bbox 427 3036 501 3083; x_wconf 89' lang='lat' dir='ltr'><strong>etiam</strong></span> <span class='ocrx_word' id='word_1_389' title='bbox 511 3037 630 3084; x_wconf 82' lang='lat' dir='ltr'><strong>volvenda</strong></span> <span class='ocrx_word' id='word_1_390' title='bbox 643 3048 683 3082; x_wconf 92' lang='lat' dir='ltr'><strong>co-</strong></span> <span class='ocrx_word' id='word_1_391' title='bbox 706 3045 835 3102; x_wconf 75' lang='lat' dir='ltr'><strong>parabola,</strong></span> <span class='ocrx_word' id='word_1_392' title='bbox 846 3042 910 3101; x_wconf 64' lang='lat' dir='ltr'><strong>equod</strong></span> <span class='ocrx_word' id='word_1_393' title='bbox 926 3042 995 3088; x_wconf 81' lang='lat' dir='ltr'><strong>dives</strong></span> <span class='ocrx_word' id='word_1_394' title='bbox 1010 3042 1080 3100; x_wconf 86' lang='lat' dir='ltr'><strong>bysso</strong></span> <span class='ocrx_word' id='word_1_395' title='bbox 1090 3042 1117 3088; x_wconf 88' lang='lat' dir='ltr'><strong>et</strong></span> <span class='ocrx_word' id='word_1_396' title='bbox 1128 3053 1234 3099; x_wconf 90' lang='lat' dir='ltr'><strong>purpura</strong></span> 
     </span>
     <span class='ocr_line' id='line_1_39' title="bbox 157 3105 1235 3169; baseline 0.004 -19"><span class='ocrx_word' id='word_1_397' title='bbox 157 3106 261 3167; x_wconf 75' lang='lat' dir='ltr'><strong>qnoscit.</strong></span> <span class='ocrx_word' id='word_1_398' title='bbox 271 3105 382 3165; x_wconf 89' lang='lat' dir='ltr'><strong>Denique</strong></span> <span class='ocrx_word' id='word_1_399' title='bbox 391 3105 417 3152; x_wconf 87' lang='lat' dir='ltr'><strong>at</strong></span> <span class='ocrx_word' id='word_1_400' title='bbox 427 3105 470 3154; x_wconf 90' lang='lat' dir='ltr'><strong>iile</strong></span> <span class='ocrx_word' id='word_1_401' title='bbox 478 3107 519 3166; x_wconf 92' lang='lat' dir='ltr'><strong>qui</strong></span> <span class='ocrx_word' id='word_1_402' title='bbox 530 3107 590 3154; x_wconf 82' lang='lat' dir='ltr'><strong>dicit</strong></span> <span class='ocrx_word' id='word_1_403' title='bbox 601 3106 627 3151; x_wconf 88' lang='lat' dir='ltr'><strong>in</strong></span> <span class='ocrx_word' id='word_1_404' title='bbox 639 3107 683 3151; x_wconf 82' lang='lat' dir='ltr'><strong>Ec·</strong></span> <span class='ocrx_word' id='word_1_405' title='bbox 707 3111 866 3169; x_wconf 89' lang='lat' dir='ltr'><strong>induebatur,</strong></span> <span class='ocrx_word' id='word_1_406' title='bbox 879 3112 904 3158; x_wconf 91' lang='lat' dir='ltr'><strong>et</strong></span> <span class='ocrx_word' id='word_1_407' title='bbox 917 3111 1001 3169; x_wconf 88' lang='lat' dir='ltr'><strong>epulas</strong></span> <span class='ocrx_word' id='word_1_408' title='bbox 1010 3109 1122 3168; x_wconf 90' lang='lat' dir='ltr'><strong>copiosas</strong></span> <span class='ocrx_word' id='word_1_409' title='bbox 1133 3109 1235 3154; x_wconf 83' lang='lat' dir='ltr'><strong>exhibe·</strong></span> 
     </span>
     <span class='ocr_line' id='line_1_40' title="bbox 158 3172 1235 3239; baseline -0.007 -19"><span class='ocrx_word' id='word_1_410' title='bbox 158 3173 294 3221; x_wconf 86' lang='lat' dir='ltr'><strong>clesiastico</strong></span> <span class='ocrx_word' id='word_1_411' title='bbox 310 3185 317 3217; x_wconf 78' lang='lat' dir='ltr'><strong>r</strong></span> <span class='ocrx_word' id='word_1_412' title='bbox 333 3174 389 3233; x_wconf 83' lang='lat' dir='ltr'><strong>Quis</strong></span> <span class='ocrx_word' id='word_1_413' title='bbox 400 3173 460 3221; x_wconf 84' lang='lat' dir='ltr'><strong>videt</strong></span> <span class='ocrx_word' id='word_1_414' title='bbox 475 3172 528 3220; x_wconf 80' lang='lat' dir='ltr'><strong>me?</strong></span> <span class='ocrx_word' id='word_1_415' title='bbox 538 3175 569 3220; x_wconf 78' lang='lat' dir='ltr'><strong>nt</strong></span> <span class='ocrx_word' id='word_1_416' title='bbox 585 3173 683 3220; x_wconf 86' lang='lat' dir='ltr'><strong>tenebroe</strong></span> <span class='ocrx_word' id='word_1_417' title='bbox 706 3181 748 3226; x_wconf 79' lang='lat' dir='ltr'><strong>bat</strong></span> <span class='ocrx_word' id='word_1_418' title='bbox 758 3179 868 3239; x_wconf 72' lang='lat' dir='ltr'><strong>quotidie</strong></span> <span class='ocrx_word' id='word_1_419' title='bbox 881 3192 888 3224; x_wconf 72' lang='grc' dir='ltr'>ς</span> <span class='ocrx_word' id='word_1_420' title='bbox 901 3178 1086 3238; x_wconf 64' lang='lat' dir='ltr'><strong>pauper-autem</strong></span> <span class='ocrx_word' id='word_1_421' title='bbox 1098 3177 1188 3236; x_wconf 68' lang='lat' dir='ltr'><strong>plenus</strong></span> <span class='ocrx_word' id='word_1_422' title='bbox 1199 3177 1235 3222; x_wconf 76' lang='lat' dir='ltr'><strong>ur.</strong></span> 
     </span>
     <span class='ocr_line' id='line_1_41' title="bbox 157 3241 1235 3305; baseline -0.007 -7"><span class='ocrx_word' id='word_1_423' title='bbox 157 3244 349 3305; x_wconf 68' lang='lat' dir='ltr'><strong>⁶⁰⁰i²⁸ri¹⁴iiim⁸2</strong></span> <span class='ocrx_word' id='word_1_424' title='bbox 360 3244 502 3302; x_wconf 57' lang='lat' dir='ltr'><strong>eiParidis,</strong></span> <span class='ocrx_word' id='word_1_425' title='bbox 513 3256 580 3303; x_wconf 68' lang='lat' dir='ltr'><strong>ibim</strong></span> <span class='ocrx_word' id='word_1_426' title='bbox 590 3241 685 3289; x_wconf 69' lang='lat' dir='ltr'><strong>verwr?</strong></span> <span class='ocrx_word' id='word_1_427' title='bbox 707 3261 790 3295; x_wconf 87' lang='lat' dir='ltr'><strong>cerum</strong></span> <span class='ocrx_word' id='word_1_428' title='bbox 809 3248 939 3294; x_wconf 87' lang='lat' dir='ltr'><strong>demensa</strong></span> <span class='ocrx_word' id='word_1_429' title='bbox 958 3247 1010 3304; x_wconf 84' lang='lat' dir='ltr'><strong>ejus</strong></span> <span class='ocrx_word' id='word_1_430' title='bbox 1027 3246 1161 3304; x_wconf 79' lang='lat' dir='ltr'><strong>colligebat</strong></span> <span class='ocrx_word' id='word_1_431' title='bbox 1181 3245 1235 3291; x_wconf 88' lang='lat' dir='ltr'><strong>reii-</strong></span> 
     </span>
     <span class='ocr_line' id='line_1_42' title="bbox 157 3310 1234 3377; baseline 0 -20"><span class='ocrx_word' id='word_1_432' title='bbox 157 3310 270 3371; x_wconf 83' lang='lat' dir='ltr'><strong>quamvis</strong></span> <span class='ocrx_word' id='word_1_433' title='bbox 282 3310 384 3358; x_wconf 85' lang='lat' dir='ltr'><strong>inlecto</strong></span> <span class='ocrx_word' id='word_1_434' title='bbox 397 3323 440 3358; x_wconf 92' lang='lat' dir='ltr'><strong>suo</strong></span> <span class='ocrx_word' id='word_1_435' title='bbox 450 3311 542 3370; x_wconf 88' lang='lat' dir='ltr'><strong>positus</strong></span> <span class='ocrx_word' id='word_1_436' title='bbox 554 3312 605 3358; x_wconf 90' lang='lat' dir='ltr'><strong>haec</strong></span> <span class='ocrx_word' id='word_1_437' title='bbox 618 3311 683 3370; x_wconf 81' lang='lat' dir='ltr'><strong>cogi·</strong></span> <span class='ocrx_word' id='word_1_438' title='bbox 706 3318 783 3377; x_wconf 63' lang='lat' dir='ltr'><strong>queas,</strong></span> <span class='ocrx_word' id='word_1_439' title='bbox 808 3317 864 3363; x_wconf 76' lang='lat' dir='ltr'><strong>Post</strong></span> <span class='ocrx_word' id='word_1_440' title='bbox 888 3316 983 3363; x_wconf 82' lang='lat' dir='ltr'><strong>obitum</strong></span> <span class='ocrx_word' id='word_1_441' title='bbox 1004 3327 1064 3361; x_wconf 77' lang='lat' dir='ltr'><strong>vero</strong></span> <span class='ocrx_word' id='word_1_442' title='bbox 1093 3315 1234 3374; x_wconf 85' lang='lat' dir='ltr'><strong>utriusque,</strong></span> 
     </span>
     <span class='ocr_line' id='line_1_43' title="bbox 158 3379 1234 3445; baseline 0 -17"><span class='ocrx_word' id='word_1_443' title='bbox 158 3380 211 3439; x_wconf 85' lang='lat' dir='ltr'><strong>tet,</strong></span> <span class='ocrx_word' id='word_1_444' title='bbox 227 3379 271 3426; x_wconf 92' lang='lat' dir='ltr'><strong>ubi</strong></span> <span class='ocrx_word' id='word_1_445' title='bbox 284 3393 333 3427; x_wconf 95' lang='lat' dir='ltr'><strong>non</strong></span> <span class='ocrx_word' id='word_1_446' title='bbox 348 3381 484 3440; x_wconf 85' lang='lat' dir='ltr'><strong>putaverit,</strong></span> <span class='ocrx_word' id='word_1_447' title='bbox 497 3381 683 3440; x_wconf 89' lang='lat' dir='ltr'><strong>comprehendi·</strong></span> <span class='ocrx_word' id='word_1_448' title='bbox 707 3398 799 3445; x_wconf 87' lang='lat' dir='ltr'><strong>pauper</strong></span> <span class='ocrx_word' id='word_1_449' title='bbox 817 3386 869 3432; x_wconf 88' lang='lat' dir='ltr'><strong>erat</strong></span> <span class='ocrx_word' id='word_1_450' title='bbox 887 3386 913 3430; x_wconf 91' lang='lat' dir='ltr'><strong>in</strong></span> <span class='ocrx_word' id='word_1_451' title='bbox 929 3386 984 3430; x_wconf 91' lang='lat' dir='ltr'><strong>sinu</strong></span> <span class='ocrx_word' id='word_1_452' title='bbox 1003 3383 1109 3429; x_wconf 81' lang='lat' dir='ltr'><strong>Abrahae</strong></span> <span class='ocrx_word' id='word_1_453' title='bbox 1124 3383 1234 3442; x_wconf 84' lang='lat' dir='ltr'><strong>requiem</strong></span> 
     </span>
     <span class='ocr_line' id='line_1_44' title="bbox 157 3449 1235 3512; baseline 0.001 -16"><span class='ocrx_word' id='word_1_454' title='bbox 157 3451 208 3497; x_wconf 86' lang='lat' dir='ltr'><strong>tur.</strong></span> <span class='ocrx_word' id='word_1_455' title='bbox 223 3451 255 3497; x_wconf 80' lang='lat' dir='ltr'><strong>Et</strong></span> <span class='ocrx_word' id='word_1_456' title='bbox 266 3452 324 3506; x_wconf 86' lang='lat' dir='ltr'><strong>erit,</strong></span> <span class='ocrx_word' id='word_1_457' title='bbox 336 3449 432 3509; x_wconf 85' lang='lat' dir='ltr'><strong>inquit,</strong></span> <span class='ocrx_word' id='word_1_458' title='bbox 443 3451 551 3506; x_wconf 86' lang='lat' dir='ltr'><strong>dedecus,</strong></span> <span class='ocrx_word' id='word_1_459' title='bbox 563 3451 623 3510; x_wconf 86' lang='lat' dir='ltr'><strong>quod</strong></span> <span class='ocrx_word' id='word_1_460' title='bbox 635 3463 682 3496; x_wconf 84' lang='lat' dir='ltr'><strong>aon</strong></span> <span class='ocrx_word' id='word_1_461' title='bbox 709 3456 815 3511; x_wconf 85' lang='lat' dir='ltr'><strong>babens,</strong></span> <span class='ocrx_word' id='word_1_462' title='bbox 827 3454 896 3500; x_wconf 87' lang='lat' dir='ltr'><strong>dives</strong></span> <span class='ocrx_word' id='word_1_463' title='bbox 906 3455 932 3499; x_wconf 88' lang='lat' dir='ltr'><strong>in</strong></span> <span class='ocrx_word' id='word_1_464' title='bbox 943 3453 1079 3512; x_wconf 84' lang='lat' dir='ltr'><strong>suppticiis.</strong></span> <span class='ocrx_word' id='word_1_465' title='bbox 1092 3453 1179 3499; x_wconf 85' lang='lat' dir='ltr'><strong>Nonne</strong></span> <span class='ocrx_word' id='word_1_466' title='bbox 1187 3451 1235 3498; x_wconf 85' lang='lat' dir='ltr'><strong>evi·</strong></span> 
     </span>
     <span class='ocr_line' id='line_1_45' title="bbox 156 3519 1235 3578; baseline 0 -12"><span class='ocrx_word' id='word_1_467' title='bbox 156 3519 295 3569; x_wconf 78' lang='lat' dir='ltr'><strong>intellexerit</strong></span> <span class='ocrx_word' id='word_1_468' title='bbox 306 3521 411 3565; x_wconf 83' lang='lat' dir='ltr'><strong>timorem</strong></span> <span class='ocrx_word' id='word_1_469' title='bbox 422 3520 474 3564; x_wconf 87' lang='lat' dir='ltr'><strong>Dei.</strong></span> <span class='ocrx_word' id='word_1_470' title='bbox 707 3522 766 3569; x_wconf 83' lang='lat' dir='ltr'><strong>dens</strong></span> <span class='ocrx_word' id='word_1_471' title='bbox 787 3524 823 3569; x_wconf 88' lang='lat' dir='ltr'><strong>est</strong></span> <span class='ocrx_word' id='word_1_472' title='bbox 843 3524 987 3568; x_wconf 86' lang='lat' dir='ltr'><strong>meritorum</strong></span> <span class='ocrx_word' id='word_1_473' title='bbox 1008 3522 1051 3566; x_wconf 87' lang='lat' dir='ltr'><strong>aut</strong></span> <span class='ocrx_word' id='word_1_474' title='bbox 1070 3520 1177 3578; x_wconf 85' lang='lat' dir='ltr'><strong>praernia</strong></span> <span class='ocrx_word' id='word_1_475' title='bbox 1197 3519 1235 3566; x_wconf 85' lang='lat' dir='ltr'><strong>aut</strong></span> 
     </span>
    </p>

    <p class='ocr_par' dir='ltr' id='par_1_7' title="bbox 188 3583 1133 3650">
     <span class='ocr_line' id='line_1_46' title="bbox 188 3583 1133 3650; baseline -0.003 -16"><span class='ocrx_word' id='word_1_476' title='bbox 188 3588 227 3635; x_wconf 69' lang='lat'><strong>35.</strong></span> <span class='ocrx_word' id='word_1_477' title='bbox 239 3587 304 3645; x_wconf 87' lang='lat' dir='ltr'><strong>Quid</strong></span> <span class='ocrx_word' id='word_1_478' title='bbox 314 3588 396 3650; x_wconf 88' lang='lat' dir='ltr'><strong>autem</strong></span> <span class='ocrx_word' id='word_1_479' title='bbox 408 3587 457 3633; x_wconf 81' lang='lat' dir='ltr'><strong>tarn</strong></span> <span class='ocrx_word' id='word_1_480' title='bbox 471 3585 598 3645; x_wconf 84' lang='lat' dir='ltr'><strong>stolidum,</strong></span> <span class='ocrx_word' id='word_1_481' title='bbox 609 3599 683 3646; x_wconf 87' lang='lat' dir='ltr'><strong>quarn</strong></span> <span class='ocrx_word' id='word_1_482' title='bbox 706 3590 826 3648; x_wconf 87' lang='lat' dir='ltr'><strong>supplicia</strong></span> <span class='ocrx_word' id='word_1_483' title='bbox 836 3590 1000 3647; x_wconf 86' lang='lat' dir='ltr'><strong>postmortem</strong></span> <span class='ocrx_word' id='word_1_484' title='bbox 1010 3583 1133 3632; x_wconf 71' lang='lat' dir='ltr'><strong>maneret</strong></span> 
     </span>
    </p>

    <p class='ocr_par' dir='ltr' id='par_1_8' title="bbox 156 3652 1288 4127">
     <span class='ocr_line' id='line_1_47' title="bbox 156 3652 1235 3716; baseline -0.006 -12"><span class='ocrx_word' id='word_1_485' title='bbox 156 3657 244 3715; x_wconf 89' lang='lat' dir='ltr'><strong>putare</strong></span> <span class='ocrx_word' id='word_1_486' title='bbox 259 3655 325 3716; x_wconf 88' lang='lat' dir='ltr'><strong>quod</strong></span> <span class='ocrx_word' id='word_1_487' title='bbox 338 3657 416 3702; x_wconf 89' lang='lat' dir='ltr'><strong>Deum</strong></span> <span class='ocrx_word' id='word_1_488' title='bbox 431 3656 564 3716; x_wconf 84' lang='lat' dir='ltr'><strong>quidquam</strong></span> <span class='ocrx_word' id='word_1_489' title='bbox 582 3659 684 3716; x_wconf 88' lang='lat' dir='ltr'><strong>praeter·</strong></span> <span class='ocrx_word' id='word_1_490' title='bbox 736 3658 774 3703; x_wconf 80' lang='lat'><strong>58.</strong></span> <span class='ocrx_word' id='word_1_491' title='bbox 786 3657 815 3702; x_wconf 85' lang='lat' dir='ltr'><strong>Et</strong></span> <span class='ocrx_word' id='word_1_492' title='bbox 825 3658 905 3713; x_wconf 87' lang='lat' dir='ltr'><strong>recte,</strong></span> <span class='ocrx_word' id='word_1_493' title='bbox 918 3657 976 3715; x_wconf 89' lang='lat' dir='ltr'><strong>qnia</strong></span> <span class='ocrx_word' id='word_1_494' title='bbox 985 3656 1010 3701; x_wconf 92' lang='lat' dir='ltr'><strong>in</strong></span> <span class='ocrx_word' id='word_1_495' title='bbox 1018 3653 1158 3701; x_wconf 86' lang='lat' dir='ltr'><strong>cartamine</strong></span> <span class='ocrx_word' id='word_1_496' title='bbox 1170 3652 1235 3698; x_wconf 85' lang='lat' dir='ltr'><strong>labor</strong></span> 
     </span>
     <span class='ocr_line' id='line_1_48' title="bbox 158 3720 1288 3789; baseline -0.004 -19"><span class='ocrx_word' id='word_1_497' title='bbox 158 3725 213 3782; x_wconf 82' lang='lat' dir='ltr'><strong>cat3</strong></span> <span class='ocrx_word' id='word_1_498' title='bbox 228 3736 284 3771; x_wconf 85' lang='lat' dir='ltr'><strong>curn</strong></span> <span class='ocrx_word' id='word_1_499' title='bbox 301 3723 336 3769; x_wconf 87' lang='lat' dir='ltr'><strong>sol</strong></span> <span class='ocrx_word' id='word_1_500' title='bbox 354 3723 683 3782; x_wconf 81' lang='lat' dir='ltr'><strong>quiministcriuminisest</strong></span> <span class='ocrx_word' id='word_1_501' title='bbox 707 3727 756 3783; x_wconf 86' lang='lat' dir='ltr'><strong>est,</strong></span> <span class='ocrx_word' id='word_1_502' title='bbox 771 3726 825 3783; x_wconf 88' lang='lat' dir='ltr'><strong>post</strong></span> <span class='ocrx_word' id='word_1_503' title='bbox 840 3726 963 3771; x_wconf 88' lang='lat' dir='ltr'><strong>certarnen</strong></span> <span class='ocrx_word' id='word_1_504' title='bbox 980 3723 1035 3769; x_wconf 91' lang='lat' dir='ltr'><strong>aliis</strong></span> <span class='ocrx_word' id='word_1_505' title='bbox 1046 3723 1168 3780; x_wconf 86' lang='lat' dir='ltr'><strong>victoria,</strong></span> <span class='ocrx_word' id='word_1_506' title='bbox 1184 3720 1236 3767; x_wconf 70' lang='lat' dir='ltr'><strong>alib</strong></span> <span class='ocrx_word' id='word_1_507' title='bbox 1285 3777 1288 3789; x_wconf 91' lang='lat'><em>.</em></span> 
     </span>
     <span class='ocr_line' id='line_1_49' title="bbox 159 3789 1236 3852; baseline -0.003 -14"><span class='ocrx_word' id='word_1_508' title='bbox 159 3793 233 3840; x_wconf 89' lang='lat' dir='ltr'><strong>ctiam</strong></span> <span class='ocrx_word' id='word_1_509' title='bbox 252 3792 335 3839; x_wconf 87' lang='lat' dir='ltr'><strong>abdita</strong></span> <span class='ocrx_word' id='word_1_510' title='bbox 356 3790 491 3851; x_wconf 84' lang='lat' dir='ltr'><strong>penetret,</strong></span> <span class='ocrx_word' id='word_1_511' title='bbox 505 3793 530 3840; x_wconf 89' lang='lat' dir='ltr'><strong>et</strong></span> <span class='ocrx_word' id='word_1_512' title='bbox 550 3793 576 3838; x_wconf 91' lang='lat' dir='ltr'><strong>in</strong></span> <span class='ocrx_word' id='word_1_513' title='bbox 595 3793 683 3839; x_wconf 80' lang='lat' dir='ltr'><strong>tunde·</strong></span> <span class='ocrx_word' id='word_1_514' title='bbox 708 3793 848 3852; x_wconf 73' lang='lat' dir='ltr'><strong>ignominia.</strong></span> <span class='ocrx_word' id='word_1_515' title='bbox 861 3792 981 3851; x_wconf 86' lang='lat' dir='ltr'><strong>Numquid</strong></span> <span class='ocrx_word' id='word_1_516' title='bbox 995 3789 1140 3851; x_wconf 88' lang='lat' dir='ltr'><strong>priusquam</strong></span> <span class='ocrx_word' id='word_1_517' title='bbox 1153 3800 1236 3836; x_wconf 86' lang='lat' dir='ltr'><strong>cursus</strong></span> 
     </span>
     <span class='ocr_line' id='line_1_50' title="bbox 158 3858 1237 3919; baseline -0.004 -12"><span class='ocrx_word' id='word_1_518' title='bbox 158 3863 242 3908; x_wconf 85' lang='lat' dir='ltr'><strong>menta</strong></span> <span class='ocrx_word' id='word_1_519' title='bbox 252 3862 336 3910; x_wconf 89' lang='lat' dir='ltr'><strong>domus</strong></span> <span class='ocrx_word' id='word_1_520' title='bbox 349 3863 389 3908; x_wconf 89' lang='lat' dir='ltr'><strong>vel</strong></span> <span class='ocrx_word' id='word_1_521' title='bbox 402 3864 496 3909; x_wconf 87' lang='lat' dir='ltr'><strong>secreta</strong></span> <span class='ocrx_word' id='word_1_522' title='bbox 510 3862 634 3908; x_wconf 87' lang='lat' dir='ltr'><strong>conclavia</strong></span> <span class='ocrx_word' id='word_1_523' title='bbox 645 3863 683 3909; x_wconf 85' lang='lat' dir='ltr'><strong>vis</strong></span> <span class='ocrx_word' id='word_1_524' title='bbox 707 3862 862 3917; x_wconf 68' lang='lat' dir='ltr'><strong>conluctatur,</strong></span> <span class='ocrx_word' id='word_1_525' title='bbox 873 3863 954 3919; x_wconf 85' lang='lat' dir='ltr'><strong>palma</strong></span> <span class='ocrx_word' id='word_1_526' title='bbox 967 3861 1083 3919; x_wconf 87' lang='lat' dir='ltr'><strong>cuiquam</strong></span> <span class='ocrx_word' id='word_1_527' title='bbox 1095 3859 1185 3914; x_wconf 84' lang='lat' dir='ltr'><strong>datur,</strong></span> <span class='ocrx_word' id='word_1_528' title='bbox 1197 3858 1237 3903; x_wconf 90' lang='lat' dir='ltr'><strong>aut</strong></span> 
     </span>
     <span class='ocr_line' id='line_1_51' title="bbox 160 3927 1237 3990; baseline -0.003 -15"><span class='ocrx_word' id='word_1_529' title='bbox 160 3929 246 3977; x_wconf 89' lang='lat' dir='ltr'><strong>caloris</strong></span> <span class='ocrx_word' id='word_1_530' title='bbox 254 3929 307 3987; x_wconf 83' lang='lat' dir='ltr'><strong>ejus</strong></span> <span class='ocrx_word' id='word_1_531' title='bbox 316 3929 449 3990; x_wconf 80' lang='lat' dir='ltr'><strong>irrumpat?</strong></span> <span class='ocrx_word' id='word_1_532' title='bbox 459 3930 518 3987; x_wconf 83' lang='lat' dir='ltr'><strong>Quis</strong></span> <span class='ocrx_word' id='word_1_533' title='bbox 526 3931 599 3988; x_wconf 80' lang='lat' dir='ltr'><strong>neget</strong></span> <span class='ocrx_word' id='word_1_534' title='bbox 608 3942 684 3977; x_wconf 85' lang='lat' dir='ltr'><strong>verna.</strong></span> <span class='ocrx_word' id='word_1_535' title='bbox 707 3931 816 3977; x_wconf 87' lang='lat' dir='ltr'><strong>dciertur</strong></span> <span class='ocrx_word' id='word_1_536' title='bbox 827 3928 927 3976; x_wconf 75' lang='lat' dir='ltr'><strong>corona?</strong></span> <span class='ocrx_word' id='word_1_537' title='bbox 937 3929 1023 3975; x_wconf 86' lang='lat' dir='ltr'><strong>Merito</strong></span> <span class='ocrx_word' id='word_1_538' title='bbox 1032 3928 1125 3974; x_wconf 82' lang='lat' dir='ltr'><strong>Penius</strong></span> <span class='ocrx_word' id='word_1_539' title='bbox 1136 3939 1143 3972; x_wconf 77' lang='lat' dir='ltr'><strong>c</strong></span> <span class='ocrx_word' id='word_1_540' title='bbox 1157 3927 1237 3974; x_wconf 81' lang='lat' dir='ltr'><strong>Certa·</strong></span> 
     </span>
     <span class='ocr_line' id='line_1_52' title="bbox 158 3997 1238 4060; baseline -0.003 -16"><span class='ocrx_word' id='word_1_541' title='bbox 158 3997 279 4057; x_wconf 85' lang='lat' dir='ltr'><strong>temperie</strong></span> <span class='ocrx_word' id='word_1_542' title='bbox 293 3997 404 4058; x_wconf 78' lang='lat' dir='ltr'><strong>tepefieri</strong></span> <span class='ocrx_word' id='word_1_543' title='bbox 419 3999 533 4046; x_wconf 87' lang='lat' dir='ltr'><strong>interiora</strong></span> <span class='ocrx_word' id='word_1_544' title='bbox 550 3999 684 4060; x_wconf 89' lang='lat' dir='ltr'><strong>terrarum,</strong></span> <span class='ocrx_word' id='word_1_545' title='bbox 707 4012 773 4056; x_wconf 79' lang='lat' dir='ltr'><strong>mea,</strong></span> <span class='ocrx_word' id='word_1_546' title='bbox 795 3999 889 4058; x_wconf 90' lang='lat' dir='ltr'><strong>inquit,</strong></span> <span class='ocrx_word' id='word_1_547' title='bbox 911 3998 997 4046; x_wconf 85' lang='lat' dir='ltr'><strong>bonam</strong></span> <span class='ocrx_word' id='word_1_548' title='bbox 1016 3998 1106 4044; x_wconf 78' lang='lat' dir='ltr'><strong>cericei</strong></span> <span class='ocrx_word' id='word_1_549' title='bbox 1113 4030 1122 4055; x_wconf 95' lang='lat'>‚</span> <span class='ocrx_word' id='word_1_550' title='bbox 1144 4007 1238 4044; x_wconf 78' lang='lat' dir='ltr'><strong>cursum</strong></span> 
     </span>
     <span class='ocr_line' id='line_1_53' title="bbox 158 4064 1238 4127; baseline -0.001 -16"><span class='ocrx_word' id='word_1_551' title='bbox 158 4076 219 4124; x_wconf 86' lang='lat' dir='ltr'><strong>quas</strong></span> <span class='ocrx_word' id='word_1_552' title='bbox 228 4066 317 4127; x_wconf 68' lang='lat' dir='ltr'><strong>glacies</strong></span> <span class='ocrx_word' id='word_1_553' title='bbox 326 4065 429 4113; x_wconf 87' lang='lat' dir='ltr'><strong>hiberna</strong></span> <span class='ocrx_word' id='word_1_554' title='bbox 437 4065 624 4114; x_wconf 77' lang='lat' dir='ltr'><strong>constrinxerit?</strong></span> <span class='ocrx_word' id='word_1_555' title='bbox 634 4068 684 4114; x_wconf 85' lang='lat' dir='ltr'><strong>No·</strong></span> <span class='ocrx_word' id='word_1_556' title='bbox 708 4069 878 4125; x_wconf 78' lang='lat' dir='ltr'><strong>consummavi,</strong></span> <span class='ocrx_word' id='word_1_557' title='bbox 896 4067 1092 4126; x_wconf 67' lang='lat' dir='ltr'><strong>dimicaveris</strong></span> <span class='ocrx_word' id='word_1_558' title='bbox 1108 4065 1173 4126; x_wconf 82' lang='lat' dir='ltr'><strong>quod</strong></span> <span class='ocrx_word' id='word_1_559' title='bbox 1188 4064 1238 4112; x_wconf 81' lang='lat' dir='ltr'><strong>reii-</strong></span> 
     </span>
    </p>
   </div>
   <div class='ocr_carea' id='block_1_6' title="bbox 13 4310 221 4520">
    <p class='ocr_par' dir='ltr' id='par_1_9' title="bbox 13 4310 221 4520">
     <span class='ocr_line' id='line_1_54' title="bbox 13 4310 221 4520; baseline 0 -195"><span class='ocrx_word' id='word_1_560' title='bbox 13 4310 221 4520; x_wconf 39' lang='lat' dir='ltr'><strong>q</strong></span> 
     </span>
    </p>
   </div>
   <div class='ocr_carea' id='block_1_7' title="bbox 0 0 1384 4814">
    <p class='ocr_par' dir='ltr' id='par_1_10' title="bbox 0 0 1384 4814">
     <span class='ocr_line' id='line_1_55' title="bbox 0 0 1384 4814; baseline 0 0"><span class='ocrx_word' id='word_1_561' title='bbox 0 0 1384 4814; x_wconf 95' lang='lat' dir='ltr'><strong> </strong></span> 
     </span>
    </p>
   </div>
  </div>
 </body>
</html>
