2752 4814
294 387 474 434 expostulo
488 388 523 432 tn
542 388 666 441 LUCAM,
684 389 781 434 alban
797 389 952 435 DECIMUS.
1123 388 1164 437 {21

91 467 184 517 tloncm
204 480 253 518 non
272 471 349 530 lego:
369 471 412 518 sed
433 469 498 530 quod
519 469 617 516 detendl
671 470 711 517 aa.
721 471 789 519 Unde
798 469 1168 530 teeroccm,Petre;utdocoas

91 548 140 583 non
160 539 254 600 potest,
275 541 343 589 abbri
361 540 449 602 potest.
469 540 564 588 Latent
583 539 618 585 la·
642 551 683 587 me
698 539 758 599 quid
776 539 837 588 ilens
855 538 1014 600 cogitaveris?
1028 540 1113 599 Unde,
1131 541 1167 588 in·
1227 594 1230 598 Α

92 617 182 665 crymoe
194 608 405 671 delictum,-quod
419 620 478 657 voce
492 608 570 668 pudor
581 606 618 655 est
642 621 730 668 quam,
745 608 771 655 te
786 608 902 657 evocem?
917 609 953 655 De
967 609 1042 666 coelo,
1058 608 1103 656 ubi
1116 608 1168 666 iam

92 674 211 722 confiteri.
223 677 253 724 at
262 677 342 725 veniae
352 677 424 726 aetus
436 676 581 734 consulunt,
592 675 618 723 et
643 676 716 724 choro
724 677 830 724 insertus
838 690 864 724 es
874 677 1022 736 Angelorum
1034 689 1041 722 a
1051 677 1084 724 an
1093 677 1168 724 otiam

91 745 257 794 verecundiae.
267 747 389 806 bacrymae
397 746 450 794 sine
458 746 559 793 horrore
567 745 618 793 cul-
642 745 673 793 de
684 746 795 806 tumulo;
807 746 865 805 qnia
875 758 924 792 non
934 747 1006 805 putas
1015 745 1133 803 injuriam
1143 744 1168 792 et

85 822 149 870 <para
164 813 296 872 loquuntur
306 828 314 861 s
325 815 440 874 lacrymae
455 814 549 861 crimen
563 813 617 862 eine
643 810 678 860 ibi
699 825 765 874 esse,
785 814 852 860 unde
876 814 994 860 Dominus
1017 811 1168 861 resurrexit?

10 912 12 914 ψ
91 879 223 929 offensione
234 882 388 931 verecundie
403 881 550 930 confitentur
561 894 568 928 a
581 883 618 930 la·
640 883 706 929 Doce
716 895 761 930 nos
770 882 831 943 quid
844 882 891 930 tibi
902 883 1039 941 profuerint
1056 884 1168 942 lacrymas

92 958 180 1007 emmae
196 950 295 998 reniam
310 963 359 998 non
375 950 512 1010 postulant,
524 952 550 998 et
564 962 618 998 ms-
641 952 699 1000 tuae.
711 951 758 1000 Sed
769 951 875 1000 docuisti
885 950 952 998 illico
968 964 976 998 a
992 963 1050 998 nam
1060 951 1103 1010 qui
1115 951 1169 1010 lap-

91 1016 187 1064 rentur.
201 1019 288 1067 inveni
299 1032 344 1068 cur
352 1020 457 1068 tacuerit
466 1020 568 1078 Petrus,
584 1032 616 1068 ne
642 1031 683 1067 sus
692 1031 733 1079 es,
744 1020 875 1079 antequam
887 1019 974 1078 ileres,
984 1013 1112 1079 postquem
1122 1017 1168 1066 tle·

91 1081 141 1129 tam
153 1084 202 1132 cito
215 1087 296 1134 veniae
306 1086 395 1146 petitio
405 1086 461 1146 plus
471 1085 615 1134 offenderet.
642 1088 714 1147 visti,
724 1089 819 1138 electus
829 1101 870 1150 es,
884 1089 913 1137 ut
927 1089 987 1137 alios
1002 1099 1116 1148 regeres,
1125 1089 1168 1149 qul

91 1150 154 1198 Ante
165 1151 274 1200 tiendum
283 1154 321 1201 est
330 1152 356 1211 ⁴,
367 1154 402 1201 sic
411 1153 570 1212 precandum.
641 1158 667 1204 te
677 1157 730 1216 ipse
738 1158 795 1204 ante
803 1169 852 1204 non
862 1169 972 1206 rexeras.

97 1245 99 1248 >
120 1222 158 1271 89.
174 1225 247 1273 Bonae
257 1226 388 1285 lacrymer,
403 1238 458 1285 quae
472 1226 556 1273 lavant
566 1225 617 1273 cul·
672 1225 711 1272 95.
730 1225 841 1272 Habebat
856 1237 912 1286 ergo
930 1225 1051 1286 lacrymas
1067 1225 1168 1283 Petrus,

89 1301 155 1348 pam.
169 1292 282 1352 Denique
290 1304 351 1351 quos
359 1293 430 1339 lesus
439 1293 554 1351 respicit,
564 1294 618 1352 plo-
642 1293 684 1353 pio
691 1305 751 1352 quas
759 1293 875 1341 tundebat
885 1293 974 1341 affectu
985 1307 992 1339 a
1003 1305 1054 1341 non
1063 1292 1171 1341 babebat

90 1358 154 1405 rant.
164 1359 269 1418 Negavit
278 1358 358 1418 primo
368 1360 464 1419 Petms,
475 1361 500 1408 et
511 1373 559 1408 non
572 1360 618 1409 tle·
642 1362 752 1421 proditor
759 1361 832 1409 fletus
840 1361 929 1424 quibus
937 1362 1034 1422 culpam
1043 1361 1167 1420 ablueret,

90 1426 142 1486 vit;
169 1429 227 1487 quia
251 1442 301 1477 non
325 1430 469 1490 respexerat
490 1431 616 1479 Dominus.
642 1430 817 1478 sedtormenta
830 1430 986 1478 conscientiae
996 1430 1170 1490 quibussacri·
1201 1426 1203 1431 '

89 1495 617 1559 Negavitsecundo,nontlevit3quiaadbuc
642 1499 734 1559 legium
744 1499 876 1559 fateretur,
891 1500 920 1547 ut
932 1499 991 1546 dum
1007 1511 1052 1546 suo
1061 1510 1120 1546 reus
1128 1498 1171 1556 jn·

88 1575 139 1612 non
160 1567 304 1627 respexerat
324 1568 450 1615 Dominus.
471 1568 574 1627 Negavit
592 1569 618 1616 et
643 1568 708 1616 dicio
718 1567 896 1629 damnatur,et
908 1569 1041 1629 spontaneo
1049 1567 1170 1627 supplicio

90 1631 177 1692 tertio,
193 1635 303 1693 respexit
316 1635 401 1694 lesus,
419 1636 445 1683 et
460 1634 504 1682 ille
515 1635 617 1683 amaris·
642 1635 737 1683 facinus
754 1637 884 1695 expiatur,
902 1637 983 1696 pietas
998 1635 1111 1694 Domini,
1126 1636 1170 1695 qui
1232 1662 1235 1667 -

89 1701 151 1748 sime
161 1701 239 1750 flevit.
251 1702 370 1762 Respice,
386 1702 488 1750 Dormne
499 1704 573 1760 lesu,
589 1702 617 1750 ut
641 1714 669 1749 se
682 1704 736 1762 lpse
747 1703 826 1751 nollet
837 1703 936 1762 ulcisci,
949 1703 974 1751 et
985 1702 1104 1751 divinitas
1113 1715 1171 1763 pro-

89 1768 193 1817 sciamus
202 1771 311 1818 nostrum
322 1770 415 1818 dellere
425 1770 569 1829 peecatum,
580 1770 618 1817 la·
642 1771 756 1832 barstnr,
765 1771 809 1831 qui
819 1773 995 1820 conscientiam
1005 1771 1097 1819 mentis
1107 1771 1171 1819 inri-

89 1848 148 1886 vars
157 1837 283 1885 delictum.
295 1838 364 1885 Unde
373 1837 447 1884 etiarn
457 1837 618 1896 lapsussanc-
641 1840 709 1886 sibili
720 1841 840 1901 potestate
852 1839 1022 1900 interrogaret.

90 1907 171 1964 torum
185 1906 254 1954 utilis
269 1918 277 1952 a
291 1905 357 1953 nibil
372 1905 435 1952 mibi
450 1906 536 1953 nocuit
553 1905 618 1964 quod
672 1907 711 1956 ot.
729 1910 839 1966 Peccaei,
849 1907 944 1968 inquit,
960 1909 1022 1969 qaod
1035 1908 1171 1956 tradiderim

89 1973 190 2035 negarit
200 1975 302 2033 Petrus,
317 1973 413 2034 proluit
426 1973 492 2033 quod
502 1974 618 2020 emenda·
642 1978 779 2036 sanquinem
787 1977 888 2034 iustum.
899 1976 949 2023 Etsi
963 1987 1030 2022 cassa
1040 1976 1077 2023 est
1091 1976 1172 2035 poenif

87 2042 137 2090 vvit.
147 2042 228 2090 Didici
240 2055 327 2091 cavere
339 2042 446 2101 alloquia
459 2041 616 2108 perfidorum.
643 2046 721 2092 tentia
733 2043 879 2104 proditoris,
889 2044 948 2104 quia
958 2044 1072 2104 peccavit
1082 2043 1108 2090 in
1117 2043 1171 2103 Spi-

90 2111 177 2159 Petrus
188 2111 253 2158 inter
265 2111 361 2159 iudaeos
376 2109 489 2169 negarit,
505 2109 618 2157 Salomon
642 2115 718 2160 ritum
728 2114 853 2172 sanctum
865 2113 903 2160 est
910 2115 993 2166 tamen
1000 2113 1132 2161 nonnullus
1143 2113 1171 2160 in

91 2178 253 2228 contubernio
263 2179 352 2238 gentili
363 2178 480 2238 deceptus
490 2179 591 2226 errarit.
642 2182 735 2229 scelere
755 2181 835 2242 pudor
854 2181 954 2240 culpam
976 2192 1116 2240 agnoscere.
1141 2181 1171 2228 Et

118 2249 158 2297 90.
169 2247 249 2296 Flevit
258 2260 315 2307 ergo
323 2249 349 2296 et
359 2247 510 2295 amarissime
517 2248 616 2307 nesus,
641 2247 1171 2308 (1111113111111111111111111111,1113111111

89 2317 161 2365 tlorit
178 2317 208 2364 ut
221 2315 335 2378 lacrymis
349 2329 422 2365 suum
434 2316 517 2377 posset
534 2316 617 2364 lavare
641 2316 725 2365 tamen
744 2316 898 2377 impudentia
920 2315 1060 2364 contutatur
1081 2329 1089 2362 a
1110 2327 1171 2376 qnos

90 2386 207 2435 delictum
218 2398 225 2430 a
237 2386 263 2433 et
275 2387 305 2433 tn
314 2385 336 2434 si
346 2385 446 2434 veniam
456 2385 494 2433 ris
510 2387 616 2446 mereri,
642 2398 699 2433 cum
721 2385 841 2446 professio
865 2385 996 2445 redarguat
1019 2384 1170 2443 venditoris,

90 2455 157 2503 dilue
177 2455 292 2515 lacrymis
315 2454 413 2513 culpam
435 2455 505 2502 tuam
531 2454 616 2502 eodem
642 2455 754 2502 scelerati
766 2455 849 2502 tamen
859 2453 907 2500 sibi
918 2452 1104 2510 vindicantium
1112 2463 1171 2500 con·

89 2524 229 2581 momento,
245 2521 333 2569 eodem
348 2522 461 2579 tempore
476 2520 576 2580 respicit
592 2522 617 2569 te
641 2521 750 2581 tractus,
762 2523 788 2570 et
798 2522 908 2568 exsortes
919 2523 1003 2568 reatus
1016 2532 1069 2568 esse
1082 2532 1107 2566 se
1119 2532 1171 2568 cre·

90 2591 207 2639 Christus.
224 2589 250 2636 Si
263 2590 289 2636 in
299 2589 381 2648 aliquo
397 2588 498 2636 tortasse
513 2589 617 2647 labaris3
643 2588 719 2647 dunt,
730 2589 788 2635 dum
796 2587 882 2635 dicuat
893 2600 900 2632 ε
913 2589 1011 2648 Quidad
1021 2587 1079 2634 aas?
1092 2591 1172 2634 Tavi-

75 2704 77 2707 ,
90 2660 149 2720 quia
160 2658 310 2706 secretorum
319 2657 419 2703 tuorum
429 2655 524 2704 adsistit
534 2656 617 2716 testis,
643 2657 712 2704 deris.
725 2656 840 2702 Amantes
851 2655 938 2714 plane,
954 2653 997 2714 qui
1012 2655 1100 2715 putent
1109 2656 1170 2703 solut

90 2727 191 2788 respicit
201 2726 230 2773 ut
240 2725 391 2783 recorderis,
402 2725 428 2772 et
440 2723 540 2771 fatearis
551 2736 619 2772 erro-
643 2735 670 2770 se
678 2723 755 2783 magis
766 2723 873 2771 auctoris
880 2723 989 2781 scolere,
1000 2735 1073 2783 quam
1081 2724 1170 2771 teneri.

90 2809 153 2845 rem.
175 2794 274 2844 Imitare
293 2794 393 2842 Petrum
414 2792 538 2840 dicentem
557 2793 617 2840 alibi
643 2794 671 2840 ln
686 2792 835 2851 pecuniariis
846 2791 925 2840 causis
942 2790 1024 2839 refuso
1034 2791 1115 2851 pretio
1130 2792 1171 2851 ius

90 2865 165 2913 lertio
182 2877 189 2911 :
206 2865 320 2921 Domine,
335 2864 361 2910 ta
375 2862 419 2910 scio
430 2863 486 2921 qaia
500 2862 569 2921 diiiqo
585 2865 616 2910 te.
642 2861 762 2909 solvitur:
774 2861 800 2908 bi
812 2861 920 2922 pretimn
935 2861 1074 2921 recipiunt,
1091 2862 1117 2909 et
1132 2873 1171 2909 sa·

90 2933 188 2983 Etenim
206 2932 264 2993 quia
281 2931 356 2979 tertio
377 2929 524 2990 negaverat,
544 2930 617 2978 tertio
642 2931 772 2992 crilegium
789 2931 986 2990 persequuntur,
1009 2941 1038 2977 ac
1059 2929 1171 2988 pertina-

90 3003 220 3052 confitetur
232 3016 239 3050 a
251 2999 402 3060 sednegarit
412 2999 532 3060 innocte,
543 3000 618 3047 conii·
642 2999 712 3047 cibus
731 2999 818 3048 studiis
838 2998 961 3046 funestam
978 2997 1026 3045 sibi
1044 2998 1171 3046 vindicant

89 3073 157 3120 tetur
166 3072 193 3119 in
203 3071 253 3119 die.
642 3069 767 3128 sanguinis
783 3067 937 3126 auctionem,
955 3079 1013 3115 cum
1028 3065 1171 3116 retunderet

117 3141 157 3189 91.
169 3141 227 3188 llaec
237 3139 320 3187 antem
333 3138 389 3186 ideo
405 3136 495 3198 scripta
505 3134 574 3196 sunt,
588 3136 618 3184 ut
642 3138 757 3185 venditor
768 3135 889 3194 sacrilegii
899 3136 1048 3184 mercedem.

89 3208 193 3256 sciamus
211 3206 336 3255 neminem
352 3205 445 3264 jactare
465 3219 492 3253 se
509 3205 615 3266 debere;
671 3206 711 3253 911.
735 3205 868 3254 Evidenler
885 3204 968 3264 itaque
987 3205 1046 3252 dum
1063 3204 1172 3265 pretium

88 3289 146 3325 nam
161 3277 183 3325 si
196 3276 281 3323 Petrus
293 3276 377 3335 lapsus
389 3275 440 3334 est,
455 3274 515 3335 quia
527 3273 594 3321 dixit
609 3287 616 3319 ε
642 3275 767 3335 sanguinis
793 3287 808 3321 a
831 3274 971 3322 iudaeorum
994 3274 1173 3335 gazophylaciis

89 3347 142 3395 Etsi
154 3346 197 3393 alii
211 3345 364 3393 scandalizati
380 3343 466 3402 parim
481 3343 506 3388 ia
527 3344 563 3401 te,
577 3356 618 3403 epo
642 3344 778 3403 separatur,
784 3343 810 3391 et
817 3355 875 3402 ager
882 3343 951 3402 figuli
959 3355 988 3391 ea
999 3355 1048 3402 qua
1056 3343 1173 3391 venditur

88 3410 617 3472 aoascoadoliaobor,quisaliusjmedese
643 3411 767 3471 Christus,
793 3411 946 3470 comparatur
966 3410 1086 3469 pecunia3
1112 3410 1171 3457 dum

89 3480 351 3540 prasumattllenique
360 3480 385 3526 et
393 3479 471 3527 David
481 3480 540 3540 quia
549 3479 619 3527 dixe·
644 3481 665 3528 is
680 3480 748 3528 locus
763 3475 894 3527 humandis
908 3479 1094 3539 peregrinorum
1112 3477 1172 3524 reli-

90 3547 619 3608 ratzldqodirciiaawaabaudantiamoamo·
643 3546 709 3608 quiis
726 3546 838 3607 dicatur,
858 3546 884 3594 et
900 3545 1038 3605 prophetias
1054 3542 1171 3602 impletur

90 3617 192 3666 erbaria
210 3619 402 3675 oebmum,eam
417 3615 465 3662 sibi
474 3616 619 3673 iactantiam
644 3616 783 3672 oraculum,
799 3615 823 3661 et
835 3613 959 3672 surgentis
974 3611 1090 3658 Ecclesiae
1103 3622 1170 3668 mys·
1242 3611 1248 3624 ¹

66 3726 69 3735 ,
89 3685 197 3734 obfuisse
206 3685 346 3743 profitetur,
354 3684 572 3731 dicensaAoertisti
580 3683 619 3741 so·
645 3681 876 3727 teriumrevelatur.
888 3682 950 3737 Ager
960 3678 1028 3725 enirn
1037 3675 1172 3724 secundum

89 3750 621 3812 ciemtaamamacifactassamcoatarbatas.
646 3749 729 3795 divina
737 3748 858 3808 praecepta
866 3747 971 3794 mundus
978 3746 1019 3793 bic
1028 3745 1106 3792 omnis
1114 3746 1151 3793 est
1163 3744 1173 3791 ε’

646 3816 733 3876 figulus
744 3815 841 3874 autem,
860 3814 904 3861 ille
914 3813 956 3874 qni
974 3825 1016 3862 aros
1027 3814 1141 3862 formarit
1156 3829 1170 3862 e

91 3835 625 3854 ,..........................

112 3872 556 3923 ⁸11rcspsetatambrosiusllrclssiasficam
566 3876 621 3911 ¹⁰³¹·
646 3885 722 3945 limo,
742 3884 773 3932 de
790 3895 839 3944 quo
858 3883 938 3947 babes
950 3882 977 3929 in
991 3882 1070 3931 veteri
1086 3883 1170 3930 Testu-

45 3975 63 4029 ',
90 3931 191 4036 ffiffi
203 3927 621 4034 ssirsicrfflrilzalgroffieffinlliffiufflss
645 3953 727 4034 ursulo
746 3965 753 3998 z
771 3955 831 4015 Quia
845 3953 992 4031 pestilitas
1010 3951 1127 4013 bominem
1144 3953 1171 3998 da

90 4036 200 4088 petendam
211 4035 549 4100 reconciliationemaccederent.
647 4023 701 4072 lanto
712 4024 793 4084 lcwoe,
808 4020 927 4070 formanda
938 4020 1120 4082 perrecturam,
1133 4030 1172 4084 ¹0ss
