2760 4808
204 373 233 420 rb
596 379 716 423 silnerl
735 379 894 425 anbrosii

204 459 267 504 cicrn
275 456 400 514 cujusdam
407 455 495 504 lrabeat
503 459 635 517 superioris
643 461 731 506 animae
755 473 819 518 mes,
829 464 851 508 et
858 462 1008 522 procidamus
1016 465 1069 511 arrio
1080 465 1155 512 Derim
1161 495 1168 521 ,
1179 466 1201 511 ct
1209 464 1286 524 ploro·

204 524 311 583 scilicet,
329 524 370 572 vel
386 525 514 585 Ecclesiae,
530 539 585 586 quae
600 526 730 574 descendit
756 541 806 576 mus
824 532 878 576 ante
893 532 1022 577 Dominum
1038 535 1159 589 nostrum,
1175 535 1216 590 qni
1232 532 1286 590 fecit

202 591 229 636 in
239 592 345 651 terram,
360 593 460 640 utbono
471 593 545 642 odore
555 593 602 641 sibi
613 595 730 655 populum
754 609 811 656 nos,·
829 597 858 644 ut
873 597 962 645 saltem
980 599 1011 645 ad
1028 599 1104 659 pedes
1122 600 1180 646 lesu
1197 599 1285 646 venire

202 661 369 719 congregaret.
452 685 455 691 ,
754 662 881 722 possimus.
899 665 1010 712 Nondum
1026 665 1092 713 enim
1108 679 1235 727 possumus
1254 667 1287 715 ad

234 727 270 774 lt.
279 729 347 774 lianc
355 740 412 788 ergo
419 729 550 777 mulierem
558 728 730 776 inducitsanc-
754 732 827 790 caput
839 733 940 790 venire;
952 733 1138 797 ,quiap-eccator
1148 734 1179 801 ad
1194 734 1287 794 pedes.

200 797 241 843 tus
250 795 378 845 Mattbaeus
388 809 459 856 supra
469 799 541 857 caput
552 797 640 845 Christi
651 797 730 844 cliuu-
754 800 780 846 et
788 800 868 858 justus
878 801 908 847 ad
919 802 999 861 caput.

202 863 301 910 dentem
310 868 462 924 unguentum
470 879 476 912 ε
484 867 509 914 et
517 866 572 913 ideo
581 865 642 913 torte
650 865 729 912 noluit
784 868 822 913 ll.
835 868 914 915 Habet
923 868 1006 915 tarum
1017 869 1107 934 etquae
1117 870 1288 930 peccavituu·

200 932 284 980 dicere
293 934 469 993 peccatricem3
480 946 537 981 nam
550 933 676 995 peccatrix
690 945 729 980 se-
753 938 879 996 guentum.
890 938 966 985 Beier
976 939 1039 985 mihi
1049 941 1073 986 et
1081 941 1107 1000 tu
1117 941 1172 1000 post
1182 934 1286 1003 peccata

200 997 321 1050 cundum
335 1004 426 1051 Lucam
447 1016 521 1064 supra
540 1004 631 1050 christi
652 1002 728 1063 pedes
752 1005 1287 1072 poenitentiam.Quocumqueveliudomum

200 1069 289 1118 elludit
295 1073 449 1132 unguentum
461 1069 502 1134 (v.
514 1070 569 1132 38).
581 1072 663 1119 Potest
671 1085 727 1132 ergo
754 1071 863 1131 indigni,
875 1073 916 1120 vel
927 1073 953 1119 in
964 1074 1062 1120 domurn
1074 1075 1188 1133 pharisaei
1199 1075 1284 1122 audio-

200 1132 249 1184 non¹
265 1139 351 1187 eadem
367 1153 420 1188 esse
434 1139 461 1201 *3
474 1153 506 1196 ne
521 1141 567 1187 sibi
579 1141 728 1188 contrarium
752 1139 786 1185 ris
795 1138 887 1196 iustum
898 1141 1010 1199 venisse,
1023 1141 1142 1188 contende
1158 1142 1283 1202 :praeripe

199 1206 360 1269 Evangelistae
379 1209 470 1257 dixisse
482 1209 631 1257 ¹uideantur.
645 1211 728 1258 Potest
752 1207 842 1268 hospiti
853 1209 969 1267 gratiam,
980 1209 1083 1269 praeripe
1093 1222 1196 1269 regnum
1208 1211 1283 1257 coelo-

108 1319 110 1324 .
200 1278 386 1338 etiamquaestio
396 1278 478 1324 meriti
488 1278 728 1337 etiemporisuiver-
752 1277 1283 1341 rum:AdicbnsenimdohonnisBoptisioe...

199 1346 272 1394 nitate
288 1342 444 1406 dissolvi';ut
455 1346 588 1408 adhucillo
599 1348 727 1406 peccatrix
751 1358 848 1404 regnum
873 1347 983 1392 coelorum
1008 1347 1116 1406 cogitur,
1136 1349 1158 1396 ct
1179 1349 1283 1406 cogentes

198 1413 306 1473 sit,jam
317 1414 369 1461 ista
376 1409 516 1474 perfectior.
527 1415 578 1463 Etsi
589 1414 654 1462 enim
670 1427 728 1476 per·
751 1414 864 1473 diripiunt
894 1415 960 1462 illud.
989 1414 1141 1472 Ubicumque
1175 1414 1284 1461 audieris

198 1494 284 1529 sonam
298 1484 435 1541 nonmutei
445 1482 567 1542 Ecclesia,
578 1484 620 1531 vel
630 1484 726 1543 anima3
751 1479 839 1526 Christi
855 1491 960 1539 nomen,
973 1492 1072 1527 accurre
1085 1494 1091 1526 ε
1104 1482 1129 1527 in
1141 1481 1282 1538 cuiuscum-

199 1554 282 1600 iamen
293 1552 371 1599 mutat
384 1549 529 1613 proiectum.
540 1553 624 1613 ltaque
636 1553 657 1601 si
668 1565 726 1600 con·
751 1558 799 1605 que
814 1546 957 1594 interiorem
973 1546 1072 1594 domurn
1083 1549 1167 1595 lesum
1179 1549 1283 1596 intrasse

198 1620 286 1667 siituas
297 1621 404 1668 animam
414 1621 521 1669 fideliter
531 1620 726 1681 appropinquari·
752 1615 906 1674 cognoveris,
920 1617 945 1662 et
956 1615 1010 1675 ipse
1026 1614 1125 1663 festina.
1141 1618 1200 1663 Cum
1211 1629 1283 1676 repe·

197 1689 249 1734 tem
260 1689 327 1748 Deo,
338 1683 501 1748 „oppetentia
511 1688 625 1748 turpibus
636 1690 663 1737 et
673 1689 726 1737 ogs.
751 1683 813 1730 reris
828 1683 976 1743 sapientiam
985 1717 993 1744 ,
1002 1697 1058 1733 curn
1072 1685 1195 1743 repereris
1208 1685 1282 1743 iusti·

198 1757 289 1815 omnis,
304 1757 347 1804 sed
358 1757 400 1817 pie
411 1757 560 1805 servientem
570 1758 616 1805 Dei
630 1758 725 1816 verbo,
750 1749 810 1796 tiam
828 1752 854 1797 in
872 1752 979 1812 alicujus
996 1754 1165 1813 penetralibus
1182 1766 1283 1800 recum-

197 1826 330 1873 barenum
341 1827 726 1876 mmarulaiaenuuuamcasuu-
750 1819 1013 1880 septemdecimae
1022 1823 1169 1882 retrahor
1180 1824 1281 1880 est‚ve1

197 1895 435 1955 remoraremur
450 1895 725 1956 adipsumohristiad-
751 1889 888 1935 extremam
916 1891 1012 1950 partem
1039 1902 1120 1951 quaere
1141 1891 1280 1948 sapientis.

198 1964 294 2011 stendit
304 1966 377 2026 eaput
390 1963 473 2026 (capu
483 1968 561 2012 aulem
569 1964 655 2012 cariati·
662 1966 725 2013 Dm
749 1957 803 2004 ltoli
814 1957 925 2006 fastidire
941 1958 1017 2019 pedes
1031 1973 1038 2004 :
1052 1959 1171 2004 fimbriam
1187 1959 1229 2005 illa
1241 1962 1282 2006 te·

197 2035 231 2080 εει
232 2031 248 2092 )
260 2034 285 2080 et
293 2034 392 2080 odorem
402 2033 545 2080 meritorum
563 2032 654 2090 spargit
668 2045 725 2080 suo
749 2027 820 2086 tigit,
831 2029 857 2075 et
866 2028 949 2074 sanata
961 2030 1006 2075 est.
1021 2028 1143 2087 hacrymis
1158 2028 1277 2076 confitere

196 2113 252 2146 rum
259 2114 267 2145 a
274 2102 359 2148 Christi
364 2101 431 2147 enim
440 2103 511 2147 bonus
517 2102 658 2147 odorsumgg
665 2104 723 2148 Deo,
749 2094 852 2151 delicta,
864 2095 931 2142 (licat
946 2096 977 2148 de
987 2097 1012 2144 te
1024 2107 1119 2156 quoque
1128 2095 1280 2154 justitidilla

195 2168 277 2216 Deum
289 2168 381 2229 quippe
393 2168 494 2214 honorat
512 2167 603 2213 bonum
620 2167 724 2227 flagrans
749 2162 855 2214 toelestis
865 2175 885 2210 r»

116 2255 120 2264 ·
196 2236 296 2284 odorem
308 2237 359 2285 vita
368 2236 497 2294 justorum.
759 2249 786 2289 V.
796 2250 829 2289 lit.
839 2251 947 2300 hacrymis
954 2253 996 2290 suis
1004 2255 1081 2300 rigavit
1091 2255 1153 2300 pedes
1164 2265 1233 2302 meos,
1246 2260 1265 2292 ci

229 2306 266 2351 lb.
284 2304 310 2352 Si
325 2306 378 2352 harc
392 2304 531 2364 intelligas,
547 2303 645 2353 videbis
659 2305 723 2352 hanc
916 2305 993 2365 rapinis
1002 2307 1044 2342 suis
1053 2306 1119 2343 tersit.

196 2372 314 2420 teminam
339 2373 411 2423 valde
437 2373 552 2431 beatam,
573 2373 723 2432 ubicumque
778 2374 817 2422 io.
833 2376 864 2423 Et
877 2375 978 2423 fortasse
995 2376 1111 2424 ideonon
1127 2379 1188 2426 lavit
1202 2381 1279 2440 podes
1307 2394 1309 2398 ·

196 2442 356 2502 praedicatum
366 2441 724 2502 fuerithoclivaugeliummo·
748 2444 1278 2505 suosChristus3uteoslacrymisnoslavc-
1329 2474 1331 2479 f

196 2510 302 2570 minari,
316 2522 362 2558 nec
377 2511 431 2569 eins
448 2521 562 2569 umquam
579 2511 723 2559 memoriam
748 2525 810 2564 mus.
828 2515 901 2560 Bonae
918 2515 1046 2574 lacrymae,
1062 2529 1117 2575 quae
1134 2528 1184 2562 nou
1200 2518 1278 2564 solum

196 2582 353 2640 exolescere,
362 2579 545 2640 eoquodsuper
554 2579 723 2641 caputtihristi
747 2583 857 2629 nostrum
872 2583 971 2642 possunt
986 2584 1068 2631 lavare
1086 2584 1220 2647 delictum,
1235 2586 1279 2647 sod

196 2647 317 2697 bonorum
340 2648 497 2711 hagrantiarn
517 2659 626 2708 morum,
645 2649 724 2706 runc
749 2651 824 2699 etiam
833 2651 1027 2701 Verbicoelestis
1039 2652 1118 2711 rigare
1129 2654 1276 2714 vestigium

195 2732 299 2779 rumque
310 2719 427 2768 factorum
438 2717 523 2766 etiudit
535 2719 666 2775 unguenta.
676 2720 723 2777 Qui
748 2718 776 2765 nt
797 2730 893 2776 gressum
913 2719 966 2777 eius
984 2719 1011 2766 in
1031 2720 1102 2778 nobis
1128 2721 1276 2769 exuberent.

195 2789 292 2835 accedit
306 2788 337 2835 ad
353 2788 438 2847 caput,
453 2787 532 2833 nescit
548 2788 633 2834 extolli
643 2800 650 2847 3
660 2790 723 2836 sicul
747 2787 819 2832 Bonae
837 2786 965 2846 lacrymae,
981 2787 1008 2833 in
1025 2787 1114 2847 quibus
1131 2799 1178 2832 nou
1198 2789 1277 2837 solum

195 2857 239 2904 ille
247 2857 336 2903 frustra
344 2855 443 2903 inflatus
453 2854 537 2901 mente
544 2855 688 2914 earnissuae‚
698 2855 724 2900 et
747 2853 866 2900 redemtio
877 2856 1046 2914 peccatorum,
1057 2853 1184 2900 sedetiam
1195 2855 1277 2903 refec-

195 2937 245 2971 non
259 2924 346 2971 tenens
363 2924 445 2990 caput.
463 2923 511 2971 Sed
526 2922 570 2983 qui
585 2925 658 2983 caput
673 2936 722 2970 non
747 2921 782 2968 tio
798 2923 835 2969 est
847 2923 988 2984 justorum3
1001 2922 1060 2982 justi
1077 2922 1143 2969 enim
1153 2935 1202 2970 vox
1218 2924 1276 2974 est:

194 2991 264 3056 tenet
278 2991 380 3050 Christi,
399 2991 439 3040 vel
457 2990 533 3051 pedes
549 2992 646 3049 teneai3
665 2991 722 3051 quia
746 2991 1038 3052 Fueruntmihilocrymae
1048 3005 1104 3040 mcoe
1117 3005 1190 3052 pones
1200 2994 1236 3040 die
1247 3009 1276 3042 ac

194 3073 366 3122 corpusunum
374 3062 514 3120 copulatum
522 3061 723 3108 etsubministra·
746 3061 820 3106 nocie.

193 3133 248 3179 tum
258 3131 383 3191 crescit-in
393 3130 573 3178 incrementum
581 3130 637 3177 Dei.
651 3145 656 3152 ·
709 3145 712 3157 ⁴
777 3126 815 3174 l9.
823 3127 878 3175 Etsi
885 3128 916 3175 ad
922 3130 996 3189 caput
1003 3128 1214 3176 Christiaccedere
1226 3141 1276 3180 non

226 3202 264 3249 lo.
284 3201 364 3249 Altera
383 3201 421 3248 est
438 3201 482 3248 illa
500 3201 542 3248 vel
559 3212 662 3260 persona
680 3200 722 3247 vel
745 3196 827 3256 potes,
839 3198 923 3256 tangat
937 3197 1041 3257 pedibus
1056 3197 1107 3245 suis
1118 3199 1190 3258 caput
1204 3198 1275 3244 tuum

193 3268 320 3330 profectu,
341 3282 397 3329 qlloe
420 3268 556 3329 propinqua
579 3269 650 3316 nobis
674 3268 719 3315 est,
745 3262 862 3313 Christus.
871 3266 1004 3315 Etfilllbria
1015 3266 1192 3324 ejuscllrat,et
1200 3266 1275 3325 pedes

193 3337 306 3385 Nondum
321 3338 392 3386 enim
405 3337 612 3396 peccatisnostris
627 3347 721 3384 renun·
746 3334 840 3380 curant.
856 3335 974 3396 Expende
991 3335 1199 3395 capillos,sterue
1217 3336 1275 3384 aute

193 3406 318 3454 tiavimus.
339 3405 386 3452 Ubi
407 3406 464 3452 sunt
484 3407 572 3452 nostres
591 3405 720 3466 lacrymae,
746 3415 802 3449 enm
826 3416 909 3452 omnes
933 3405 970 3452 tui
999 3405 1107 3465 corporis
1133 3405 1273 3463 dignitates.

193 3476 236 3524 ubi
248 3475 366 3536 gemitus,
377 3473 420 3521 ubi
431 3473 522 3522 nctus?
533 3476 628 3532 Venite,
638 3477 721 3522 odore·
744 3472 796 3517 Non
806 3473 941 3521 mediocres
949 3473 1033 3534 capilli
1044 3476 1115 3531 suut,
1123 3474 1166 3533 qui
1173 3474 1275 3531 pessum

745 3539 840 3598 tergere
850 3542 925 3601 pedes
933 3541 1032 3589 Christi.
1040 3541 1153 3590 Testatur
1164 3541 1209 3585 hoc
1220 3540 1273 3599 ille,

222 3610 232 3628 ¹
246 3607 328 3647 orrum
345 3605 426 3643 mulier
442 3604 559 3653 peccauix,
575 3603 646 3646 Maria.
660 3616 720 3643 soror
745 3607 787 3667 qui
798 3610 915 3668 quamdiu
927 3612 1029 3672 capillos
1039 3608 1218 3666 habuit‚vinci
1228 3621 1276 3654 ue·
1322 3631 1326 3638 ·

193 3661 311 3707 lanariae
322 3659 391 3698 Maria
404 3658 528 3706 Magdalens
541 3660 613 3706 plures
626 3669 720 3707 personae
761 3675 824 3723 divit
850 3679 871 3724 D
906 3679 911 3690 ·
993 3677 1149 3724 mulierem
1160 3675 1274 3724 decalva.

192 3714 324 3762 tuerinl,un
333 3714 561 3761 uuataniurn,ci1am
570 3715 622 3753 olim
631 3689 760 3753 contro·q
827 3711 833 3724 '
872 3691 992 3739 elilqiiet

192 3772 279 3800 uersum
287 3769 358 3806 esl.ei
367 3767 472 3815 hodieque
481 3769 657 3806 controvertitur.
672 3767 720 3805 Pri·
745 3746 795 3792 tam
814 3758 883 3794 ⁰¹⁸³f⁰
909 3760 959 3794 ¹¹⁰⁰
978 3746 1058 3794 decet·
1078 3746 1172 3793 Habeat
1197 3746 1273 3805 Plane

146 3860 148 3864 ὗ
193 3824 251 3850 nram
261 3816 381 3860 opinionem
390 3830 526 3868 propugnare
537 3820 639 3857 videniur
652 3821 719 3867 pleri·
745 3817 846 3876 capillos
870 3816 960 3876 qulbus
984 3815 1074 3863 Christi
1090 3813 1273 3862 circumvolvat

192 3876 235 3956 Ψ
245 3865 318 3928 (Μῗ
328 3867 410 3928 ῙΪΜ·
418 3871 443 3907 '¹'
453 3872 520 3909 ΨΜ
530 3881 581 3934 l⁰¹⁰
589 3875 644 3934 ⁸¹².st
656 3872 720 3908 muln
745 3884 861 3943 vestigia,
871 3885 960 3944 quibus
970 3897 1020 3932 suae
1036 3881 1161 3930 criniculis
1176 3878 1272 3937 pulcri-

193 3919 349 4010 ῃῗιῗεεςὶιῗζῗζ
358 3920 516 4016 Βζέξζζῖᾞ
523 3924 662 4014 disputatione
670 3934 720 4001 ⁰⁰¹¹:
744 3952 838 4000 tudinis
848 3953 874 3998 et
884 3952 979 3999 decoris
990 3949 1116 4010 sapientise
1133 3945 1208 4005 pedes
1220 3947 1272 3992 tor-

244 3998 250 4016 !
352 3998 359 4018 ἱ
464 4003 470 4023 p
484 3990 493 4016 ί
509 3984 530 4018 n·
565 3983 630 4021 mma
648 3983 662 4017 ‘r
678 3979 719 4025 δ’»

193 4025 286 4074 perprm
297 4027 497 4075 retrochorum,
744 4021 801 4082 gat;
820 4019 849 4065 ut
867 4019 978 4076 extremo
998 4018 1084 4074 saltem
1105 4026 1161 4073 rore
1179 4014 1271 4077 divinae
