2752 4814
415 353 691 408 nnvrnernrnus,
711 354 862 398 mnrun.
1127 351 1172 400 aar
1254 414 1263 427 Ι
1314 321 1321 335 ’

97 447 130 484 ex
141 447 188 496 qua
204 434 251 483 Dei
262 433 339 483 Filius
353 436 508 484 nasceretur?
526 437 584 483 llaec
592 435 623 482 ad
663 436 717 482 wib
726 436 783 483 llaec
801 435 857 482 est'
851 445 931 494 imago
942 432 1098 514 virginitatis.
1107 436 1174 482 'ralis

96 503 161 565 ipsos
176 488 622 583 ingressus'lngeliinv'entadomi1n
647 503 714 550 euim
735 503 783 551 luit
800 502 888 560 biania,
906 501 934 549 ut
955 501 1008 559 eius
1029 501 1103 549 unius
1121 502 1172 549 vita

96 572 278 633 penetralibus,
291 572 344 620 sine
357 571 459 630 comite,
475 572 573 632 nequis
585 572 623 618 in·
647 569 756 618 omnium
767 570 799 617 sit
809 569 946 629 disciplina.
959 569 985 615 Si
1000 568 1076 628 igitur
1088 570 1173 617 auctor

95 641 232 688 tentionem
243 639 413 701 abrumperet,
421 652 454 688 ne
464 639 519 700 quis
530 639 622 687 obstre-
647 649 696 685 non
704 637 832 699 displicet,
844 649 904 696 opus
912 636 1055 697 probemus3
1067 637 1095 684 ut
1104 649 1171 697 qum-

69 766 71 772 ,
96 709 181 768 peret3
196 720 276 768 neque
305 707 371 755 enim
388 708 489 757 comites
517 708 622 757 iemiuas
645 719 750 766 cumque
771 706 819 754 sibi
835 705 889 763 ejus
907 705 1007 765 exoptat
1026 706 1172 765 praemium,

95 775 263 835 desiderabat,
284 788 339 836 quae
361 777 437 825 bonas
463 777 622 836 cogitationes
646 775 756 823 imitetur
776 775 927 834 exemplum.
947 774 1048 833 Quantae
1064 775 1096 837 ‘in
1123 786 1172 822 una

96 845 198 892 comites
219 843 333 893 babebat.
344 844 495 902 Quinetiam
507 846 560 892 tum
573 845 620 892 sibi
645 844 741 904 virgine
751 843 846 904 speeies
861 841 983 890 virtutum
998 840 1119 890 emicanti
1129 842 1173 890 Se·

95 912 177 960 minus
193 911 405 971 sola'ridebatur,
416 925 474 959 cum
485 913 619 960 solaesset.
645 914 741 960 cretum
761 909 934 974 verecundiae,
955 909 1078 957 vexillum
1099 909 1171 970 fidei,

94 980 155 1027 Nam
170 980 374 1041 quemadmodum
392 981 456 1041 sola,
466 981 505 1028 cui
516 982 552 1029 tot
563 981 620 1028 libri
646 979 784 1028 devotionis
792 979 938 1038 obsequium
950 990 958 1023 ι
969 978 1039 1038 virgo
1054 977 1118 1024 intra
1129 979 1173 1026 do·

95 1048 621 1109 adessent;totArchangeli,totpropbetaet
644 1059 726 1108 mum,
736 1059 817 1097 eomes
828 1046 860 1094 ad
867 1045 1131 1106 ministerium,mater
1141 1045 1173 1095 ad

10 1132 16 1139 ’
104 1174 106 1179 ,
125 1118 163 1164 ll.
172 1116 283 1176 Denique
294 1118 320 1164 et
330 1117 429 1164 Gabriel
438 1116 544 1164 eamubi
555 1116 621 1164 revi·
644 1116 773 1176 templum.

94 1197 148 1233 sere
173 1185 283 1244 solebat,
306 1184 404 1232 invenit
424 1197 431 1230 a
453 1184 478 1231 et
501 1185 620 1244 Angelum
675 1185 849 1247 lauguentis
857 1183 1172 1245 illarirginibusoceurret,

93 1252 167 1301 traria
177 1253 246 1314 quasi
258 1254 339 1300 virum
350 1252 432 1313 specie
443 1252 620 1313 motairepidu·
644 1254 746 1313 quantas
756 1255 884 1316 complexa
895 1254 926 1302 ad
934 1253 1067 1301 Dominum
1078 1255 1172 1311 trahet,

93 1320 619 1381 rit‚quasinonincognitumauditouomine
644 1321 754 1369 dicens:
776 1324 832 1370 llaec
851 1323 951 1370 thorum
969 1320 1014 1366 tilii
1035 1320 1099 1380 mei,
1118 1321 1171 1368 haec

93 1389 244 1448 recognovit.
256 1389 292 1434 lta
302 1387 455 1448 peregrinata
467 1388 503 1435 est
514 1387 620 1447 inviro,
643 1389 762 1439 thalamos
770 1391 893 1451 nuptiales
901 1388 1172 1437 immaculatoserravit

93 1469 149 1516 quae
162 1469 212 1503 non
223 1459 259 1504 est
269 1454 425 1516 peregrinata
440 1455 466 1502 in
476 1457 580 1516 Angelo;
591 1458 619 1503 ut
643 1459 745 1518 pudore.
755 1458 964 1518 Quemadmodum
976 1469 1017 1504 eas
1024 1456 1077 1518 ipse
1086 1452 1172 1506 Domi-

81 1544 83 1549 v
94 1535 208 1584 agnoscas
222 1537 294 1573 aures
306 1525 445 1584 religiosas,
457 1526 538 1572 oculos
546 1538 619 1573 rere·
643 1541 689 1576 nus
700 1529 880 1578 commendabit
889 1527 970 1586 Patri;
980 1527 1097 1575 nimirum
1108 1526 1171 1576 illud

93 1594 193 1641 euudos.
205 1593 315 1653 Denique
324 1593 429 1640 salutata
440 1593 581 1653 obmutuit
592 1595 618 1642 et
643 1599 757 1657 repetens
766 1611 856 1646 suum
864 1597 1043 1657 Patersauete,
1051 1596 1104 1644 istae
1114 1598 1172 1647 sunt

94 1663 216 1723 appellata
237 1661 387 1721 respoudit·
401 1662 444 1708 sed
465 1675 519 1721 quae
538 1663 618 1723 primo
642 1678 702 1726 quas
719 1666 840 1714 custodiri
861 1665 921 1723 tibi,
938 1665 965 1711 in
983 1664 1074 1724 quibus
1091 1665 1169 1712 Filius

93 1729 236 1778 turbaverat
253 1730 385 1788 aneorum,
405 1730 490 1790 postea
507 1731 618 1788 promisit
644 1734 749 1793 bominis
759 1734 834 1792 eaput
846 1725 970 1779 reclinans
984 1731 1094 1792 quierit3
1111 1732 1169 1791 peto

94 1799 250 1858 obsequium.
644 1802 672 1848 ut
691 1800 735 1848 ubi
746 1813 790 1860 ego
808 1812 877 1867 sum,
895 1799 939 1846 et
932 1812 991 1859 ipsae
1001 1799 1051 1846 sint
1061 1811 1168 1848 mecum.

125 1867 164 1912 ib
170 1861 619 1924 Quamveroreligiosaiupropinquas
644 1869 719 1916 Sedsi
730 1880 778 1915 nen
796 1868 854 1915 solis
868 1867 916 1914 sibi
935 1867 1027 1914 debent
1037 1868 1168 1926 prodesse,

94 1934 170 1982 inerit
176 1933 314 1994 scriptura
323 1933 413 1980 divina
416 1932 544 1990 significat
560 1934 620 1980 Nam
643 1949 697 1997 quaa
718 1949 768 1984 non
789 1936 849 1984 solis
865 1935 1057 1983 vixeruntsibi:
1065 1936 1170 1994 baecpa·

95 2002 121 2050 ei
139 2001 257 2048 humilior
272 2000 335 2047 facta
353 2001 404 2059 est,
425 2000 468 2047 ubi
489 2012 515 2046 se
536 2011 550 2045 ι
568 2000 619 2046 Deo
643 2006 734 2066 rentes,
742 2003 1006 2053 baeeredimatiratres.
1016 2004 1088 2051 Pater
1093 2003 1168 2062 Juste,

95 2070 207 2130 cognovit
228 2069 345 2126 electam,
357 2069 382 2116 et
397 2067 480 2116 statim
491 2066 522 2114 ad
532 2079 618 2126 cogna
643 2040 746 2122 mundis
764 2087 804 2122 mo
824 2073 1010 2132 noncognovit,
1023 2072 1168 2120 isiaeautem

93 2139 143 2186 tarn
158 2151 227 2186 suam
243 2138 269 2184 in
288 2138 404 2185 montana
418 2137 553 2197 processit:
568 2149 617 2183 non
643 2156 682 2191 me
703 2144 883 2205 moverunt
902 2144 928 2191 et
944 2142 1169 2203 mundumeognog.

93 2208 178 2267 utique
197 2207 226 2253 ut
241 2206 354 2265 exemplo
368 2205 493 2264 erederet,
504 2204 617 2265 quaejam
642 2225 698 2261 cem
709 2211 851 2262 noluerunt

94 2274 616 2333 credideratoracule:Bauloenrm,rnqu1t,
672 2283 710 2330 ιι
721 2283 780 2341 Quae
789 2293 878 2343 pompa
892 2281 949 2341 illa,
965 2251 1058 2342 quanm
1066 2282 1169 2342 Angelo-

93 2360 143 2408 quoe
154 2348 276 2394 credidisti.
288 2347 317 2392 Ei
326 2345 471 2392 tribuseum
483 2356 512 2391 ea
526 2345 618 2391 mensi·
641 2362 696 2396 rum
705 2349 1167 2411 laetitiaplaudentium,quodbabitare

92 2415 138 2462 bus
160 2415 257 2462 mansit.
287 2413 359 2460 'l'anti
384 2415 466 2459 autem
489 2413 617 2458 intervallo
641 2419 792 2466 mereatur'
785 2432 812 2465 ιιι
832 2419 907 2477 coelo‚
928 2430 983 2477 quae
1002 2417 1096 2464 eoelesti
1114 2419 1167 2465 viia

91 2483 210 2542 temperis
221 2494 270 2528 non
281 2481 341 2528 fides
349 2480 474 2540 quaeritur,
485 2479 528 2526 sed
538 2478 617 2537 pietas
641 2487 706 2534 vixit
716 2487 742 2532 in
750 2482 853 2533 saeculot
862 2486 930 2531 'runc
937 2484 1012 2531 etiam
1019 2483 1093 2530 Maria
1103 2485 1169 2543 tym-

93 2553 235 2601 exiribetur.
249 2551 279 2596 Εἴ
289 2550 335 2596 ¹1⁰⁰
342 2549 500 2609 P⁰Si0³q¹¹i¹¹¹
510 2547 537 2592 in
546 2547 617 2593 utero
641 2565 733 2612 panum
741 2563 840 2599 sumens
848 2552 947 2610 ,choros
955 2550 1087 2607 virginales
1098 2551 1169 2597 exci-

92 2620 202 2682 parentis
213 2618 330 2666 exsiliens
337 2629 399 2677 puer
406 2618 510 2663 matrem
518 2615 616 2661 Domini
642 2620 703 2667 tabit
714 2619 839 2666 cantantes
849 2619 962 2677 Domino,
974 2617 1038 2677 quod
1045 2630 1090 2676 per
1100 2630 1168 2666 maro
1221 2635 1225 2646 ·

93 2687 226 2746 salutarit,
248 2687 318 2748 prius
338 2696 436 2746 compos
457 2682 615 2743 devotionis,
641 2689 724 2736 saeculi
733 2688 787 2736 sine
797 2687 953 2735 saecularibus
960 2685 1077 2734 fluctibus
1091 2687 1169 2735 trans·

93 2757 281 2819 quamnaturae.
642 2757 731 2805 ierunt.
753 2757 822 2804 Turre
851 2767 1004 2816 unaquaeque
1032 2755 1168 2804 exsultabit

124 2826 162 2873 ¹5.
174 2824 232 2872 lnde
242 2823 280 2871 tot
293 2821 450 2883 sequentibus
462 2821 550 2882 signis,
559 2833 616 2869 cum
641 2827 725 2874 diceus
735 2835 743 2872 r
753 2827 785 2873 El
803 2825 903 2872 introibo
922 2826 952 2872 od
968 2825 1167 2884 atterendum,

92 2895 183 2943 sterilis
202 2892 316 2955 pareret,
334 2893 403 2952 virgo
416 2892 569 2952 conciperet,
579 2891 617 2937 lo-
641 2899 662 2944 et
673 2893 1166 2955 aeneumquiloeiificorjuoenlaiemmeam.

59 2962 62 2966 '
90 2964 207 3025 queretur
216 2961 437 3021 mutus,adoraret
457 2962 555 3019 blagus,
576 2972 617 3007 ex·
641 2964 741 3011 immolo
768 2963 822 3010 Deo
850 2960 996 3010 saerillcium
1027 2959 1120 3022 laudis,
1141 2964 1168 3010 et

91 3032 212 3092 spectaret
226 3031 339 3088 Simeon,
366 3029 446 3076 sidera
458 3029 615 3090 nuntiarent,
640 3032 716 3080 reddo
727 3030 850 3079 altissimo
858 3030 915 3076 vota
926 3040 989 3075 mea.

89 3101 163 3149 llaria
173 3100 270 3147 mobilis
281 3099 312 3146 ad
327 3098 469 3157 introitum,
484 3097 616 3146 immobilis
670 3102 708 3149 iil.
727 3102 810 3160 lleque
830 3098 896 3146 enim
921 3095 1083 3145 dubitaverim
1096 3097 1168 3147 robis

90 3169 122 3216 ad
141 3168 287 3216 miraculum
304 3180 310 3213 ι
327 3167 496 3224 Couaereabut,
518 3167 615 3226 inquit,
640 3170 724 3228 patere
742 3168 829 3215 altaria
849 3166 912 3225 Dei,
942 3178 1045 3225 quarum
1071 3168 1168 3216 mentes
1183 3180 1192 3195 ‘-

90 3238 139 3288 lraee
153 3240 233 3286 omnia
242 3240 268 3285 ia
279 3239 344 3283 corde
355 3250 406 3285 sno
415 3237 616 3294 Quamvismater
639 3239 724 3284 altaria
737 3236 886 3283 confidenter
900 3234 1020 3292 dixerim,
1036 3235 1063 3280 in
1078 3234 1171 3293 quibus

89 3303 615 3365 Domini,disceretamenpraeeeptabomini
639 3305 748 3364 quotidie
756 3315 800 3363 pro
811 3301 965 3349 redemtione
974 3301 1168 3360 corporrsdhns·

89 3373 262 3421 desiderabat.
275 3373 302 3420 et
319 3385 383 3436 quae
389 3373 468 3418 Deum
480 3372 615 3430 genuerat
640 3373 678 3419 tus
688 3372 838 3418 immolatur
854 3371 913 3416 Nam
927 3367 948 3417 si
965 3369 1167 3428 cerpusvirgiuis

90 3440 262 3488 Deumtamen
273 3453 335 3488 scire
344 3440 476 3505 cupiebat
639 3441 686 3487 Dei
706 3441 825 3499 templum
844 3435 894 3496 est,
916 3435 1011 3482 animus
1032 3434 1093 3495 quid
1113 3437 1167 3497 est,

122 3508 160 3557 li.
169 3509 233 3567 Quid
244 3509 308 3568 quod
319 3522 390 3556 annis
399 3520 495 3569 quoque
503 3506 615 3555 omnibus
639 3510 681 3571 qui
706 3512 827 3569 umquam
850 3506 1015 3554 membrorum
1043 3505 1167 3553 cineribus

90 3577 158 3659 ibat
152 3590 178 3623 ιιι
188 3577 341 3623 Hierusalem
351 3576 454 3657 solemni
461 3576 501 3622 die
509 3575 614 3652 pascbae,
639 3577 778 3636 exagitatis,
783 3574 914 3623 sacerdotis
925 3571 1010 3620 aeterni
1021 3571 1167 3631 redopertus

89 3725 171 3762 comes
189 3711 339 3770 singularum
349 3709 469 3757 virtutum
480 3709 518 3756 est
527 3709 614 3768 pudor
635 3712 719 3758 ¹beatae
740 3709 863 3771 virgines,
883 3720 938 3767 quae
963 3707 1014 3755 tam
1036 3706 1167 3757 immortali

89 3782 136 3831 llic
157 3779 299 3828 individuus
315 3777 389 3825 debet
404 3788 456 3824 esse
469 3776 614 3835 virginitati,
638 3779 737 3841 spiratis
752 3776 889 3842 gratia,yut
910 3773 977 3823 berti
998 3774 1112 3835 floribus,
1136 3780 1164 3826 ut

90 3843 614 3908 sinequononpotestessevirginitas.ll'ec
638 3849 729 3909 templa
752 3845 890 3908 religione,
914 3843 944 3890 ut
968 3842 1055 3892 altaria
1086 3854 1167 3892 sacer-

90 3916 122 3964 ad
137 3916 255 3976 templum
267 3912 345 3974 igitur
359 3912 433 3960 illaria
450 3912 503 3961 sine
515 3911 614 3971 pudoris
638 3916 710 3967 dotet

86 3984 128 4035 sui
140 3983 237 4034 custode
249 3980 373 4045 processit.

1098 4376 1308 4576 r*
