2752 4814
324 466 328 473 .
366 435 408 479 DE
423 433 569 479 ornlclls
587 430 845 504 nlnlsTlionum,
863 432 962 475 LIBER
980 430 1000 475 l.
1182 430 1226 476 lll
1323 439 1326 444 '

145 517 203 574 tur,
226 514 272 576 qni
291 516 415 577 climmtur
438 529 471 564 ex
496 515 622 575 omnibus,
648 515 674 562 et
686 486 759 573 Sopus
771 515 819 574 sit,
829 514 895 575 qnod
905 527 1006 562 manere
1017 525 1066 561 non
1074 517 1169 573 potest,
1180 514 1228 561 nisi

145 583 674 645 sanctificantur3utprimogcnitairuetuum
698 572 888 630 fundamentum
911 583 1010 631 habeat.
1033 582 1228 630 Fundamentum

145 653 220 712 atque
235 653 351 713 primitiae
364 667 419 714 quas
433 654 536 702 Domino
553 653 674 714 deputan-
697 650 781 698 antem
791 651 900 699 Christus
908 650 954 700 est.

145 721 201 779 tur,
216 720 341 781 inquibus
356 722 517 770 estvoiorum
528 721 632 780 solutio,
648 721 675 770 et
727 719 783 766 262.
797 720 878 767 Prima
896 732 954 778 ergo
971 719 1044 778 tides,
1059 732 1115 780 qun
1134 719 1172 768 est
1190 731 1230 767 ra-

146 789 501 849 reuemuopeecatorumnon
512 794 623 852 aspin,
635 791 674 838 in-
697 787 816 848 pientiae,
836 789 865 835 ut
885 787 998 834 Salomon
1016 787 1091 846 dicit,
1111 789 1229 848 sequutus

145 858 215 918 qun,
226 872 264 907 eos
271 861 476 920 interfilioslsroet
486 875 496 908 .-
506 862 674 910 sedconsiitnes
696 857 792 915 patrem
808 866 817 904 r
836 857 934 904 initium
953 855 1071 916 sapientise
1091 856 1161 902 timor
1178 857 1228 902 Do·

145 926 224 976 irritos
234 942 302 989 super
313 929 489 978 todemccnlom
501 931 640 988 testimonii,
652 931 674 977 ei
696 927 764 973 mini.
785 926 815 974 nt
831 925 876 972 lex
890 923 953 972 dicit
971 936 978 970 r
998 925 1084 984 Dilioes
1100 926 1231 972 Domiom

144 999 372 1056 superomniooasu
385 999 434 1058 ejus
449 1000 556 1056 adstare,
571 1001 673 1059 simper
697 996 773 1042 Deam
795 996 876 1051 mam,
898 994 978 1053 ditiaco
996 994 1132 1052 proximum
1152 994 1228 1040 tonos.
1297 1044 1300 1050 ,

144 1076 293 1125 paucumque
307 1069 361 1114 suot
374 1067 467 1128 inipso.
485 1068 533 1128 Ipsi
543 1067 626 1115 tollent
635 1069 673 1115 ta-
696 1063 811 1110 Pulcrum
827 1063 863 1110 est
876 1061 944 1110 enim
955 1061 983 1109 ut
993 1061 1098 1121 gratiam
1108 1059 1177 1108 tuam
1191 1061 1231 1109 at-

145 1131 295 1181 democnlom
313 1137 336 1182 el
353 1136 434 1182 omnia
445 1149 503 1183 vasa
518 1135 581 1194 ejas,
598 1137 619 1182 et
629 1136 674 1194 ipsi
696 1141 745 1189 que
755 1130 836 1180 oliicia
849 1130 1027 1178 insocieiatcm
1038 1127 1141 1176 humani
1152 1140 1229 1188 gene-

144 1201 673 1260 ministrentineo,etincircnitssiadernocnli
696 1195 1229 1259 risconieras.Sedprimumilluddccorum

145 1271 223 1317 costra
237 1271 281 1330 ipsi
293 1271 451 1326 constituunt,
468 1271 490 1316 et
504 1270 672 1328 monocordo,
697 1267 749 1327 esi,
759 1268 859 1328 utquod
868 1265 1230 1328 habesprctiosissimum,hoc

145 1337 321 1385 tabernaculum
340 1339 385 1398 ipsi
404 1339 520 1397 demensi
539 1337 612 1385 leoitoe
628 1350 636 1385 :
652 1340 674 1387 et
697 1335 748 1396 est,
769 1339 877 1385 mentem
899 1336 982 1395 inam,
1002 1348 1050 1396 qua
1070 1334 1135 1382 nihil
1153 1334 1231 1382 habes

147 1407 300 1457 masalmae
307 1409 398 1464 omtrn,
409 1405 673 1467 snrsomipsonstoder·
695 1403 863 1463 praestantius,
881 1404 1057 1464 Deodeputes.
1075 1405 1134 1450 cum
1144 1403 1228 1451 solvs-
1284 1410 1287 1414 '

145 1476 255 1522 ηαειιῑιιιιι
270 1476 316 1537 ipsi
329 1478 444 1524 stotsnnt.
463 1475 602 1536 Alieniqenc
620 1476 672 1536 poi-
695 1472 730 1519 ris
740 1472 834 1519 auctori
844 1471 971 1532 debitum,
982 1471 1042 1520 licet
1056 1471 1084 1519 ul
1100 1472 1229 1532 operatua

143 1556 240 1604 mosque
250 1546 601 1603 occesserit,mortemoriotnr.
695 1539 722 1587 iu
741 1539 929 1588 beneficentiam
947 1541 973 1588 et
988 1539 1130 1598 adiumenta
1148 1539 1230 1587 nomi-

173 1611 227 1660 260.
239 1613 275 1659 l'u
284 1625 342 1672 ergo
355 1613 450 1661 electus
460 1624 487 1660 es
500 1625 533 1660 ex
547 1612 615 1660 omni
625 1625 671 1659 nu·
695 1623 754 1658 num
765 1609 889 1671 conteras,
900 1612 973 1672 atque
983 1622 1055 1671 opem
1067 1608 1132 1657 ieras
1142 1621 1229 1657 neces-

143 1693 211 1728 mero
224 1680 331 1729 tiliorum
343 1681 432 1741 lsrael,
443 1681 507 1728 inter
517 1693 597 1728 sacros
606 1680 672 1729 irno-
695 1679 827 1738 sitatibus,
834 1681 877 1727 aut
888 1679 1008 1740 pecunia,
1019 1679 1062 1727 aut
1073 1677 1169 1737 cilicio,
1184 1679 1228 1725 aut

144 1751 183 1797 tus
189 1749 258 1810 quasi
266 1750 445 1810 primogenitus
451 1749 672 1809 estimatus,prae·
695 1749 771 1796 ctiam
786 1761 940 1810 quocumque
957 1760 1075 1808 muneram
1091 1747 1158 1808 quod
1175 1747 1226 1795 lats

143 1817 237 1878 positus
251 1818 425 1876 tabernaculo,
442 1818 471 1865 ni
490 1817 628 1877 praetendas
645 1817 671 1863 in
695 1819 763 1876 patei
773 1817 799 1864 in
809 1819 891 1864 vestro
899 1817 1038 1864 ministerio
1049 1829 1056 1861 ι
1068 1816 1189 1876 pecunia,
1199 1815 1228 1861 ul

97 1947 101 1951 μ
144 1887 229 1935 castris
245 1886 382 1934 sanctitatis
400 1887 426 1934 et
440 1885 512 1944 fidei,
531 1886 563 1932 ad
577 1898 633 1944 quas
651 1887 672 1933 si
695 1886 845 1932 subvenias:
859 1885 957 1943 debito,
974 1886 1002 1931 nt
1016 1884 1151 1943 obligatum
1163 1882 1229 1929 libo-

143 1955 283 2015 alienigena
293 1953 437 2012 accesserit,
447 1952 527 2000 morte
538 1953 671 2013 morietur,
695 1966 736 2000 res
747 1967 754 1998 ι
766 1953 863 2013 silicio,
870 1954 899 2000 ut
905 1951 1023 1999 servanda
1031 1951 1164 2011 suscipias,
1172 1963 1228 2009 quaa

144 2023 237 2082 positus
254 2023 283 2068 ut
303 2021 398 2081 operias
415 2033 494 2069 arcam
513 2022 671 2069 testamenti.
696 2021 791 2068 metuat
806 2020 934 2079 amittere,
951 2019 995 2080 qni
1010 2017 1156 2079 deponenda
1173 2030 1228 2066 ere·

144 2092 194 2138 llon
204 2091 271 2138 enim
286 2102 370 2138 omnes
385 2090 470 2138 vident
479 2090 528 2138 alta
543 2091 672 2150 mysterio·
697 2087 771 2136 didit.

144 2171 213 2218 rum,
234 2157 293 2218 quia
314 2159 493 2219 operiuntura
519 2159 617 2219 levitis3
639 2173 671 2207 ne
725 2154 780 2204 263.
800 2155 914 2205 Otiicinm
934 2155 972 2205 esi
992 2156 1069 2217 igitur
1088 2156 1226 2216 depositum
1315 2177 1319 2181 ’

143 2226 243 2274 videant
256 2226 299 2285 qui
310 2226 396 2275 videre
407 2238 455 2273 non
468 2226 577 2286 debent,
589 2227 614 2274 et
629 2239 672 2275 su·
695 2238 793 2275 servare
805 2240 833 2276 ac
842 2228 955 2276 reddere.
966 2228 1015 2276 Sed
1026 2227 1149 2276 interdum
1161 2239 1227 2275 com·

141 2297 210 2353 mant
221 2295 264 2356 qui
279 2307 376 2344 servare
391 2307 440 2343 uon
454 2295 563 2355 possunt.
578 2297 672 2357 Moyses
694 2297 799 2345 mutatio
809 2297 852 2357 ns,
865 2297 907 2344 aut
920 2297 1047 2357 tempore,
1063 2296 1106 2344 aut
1117 2297 1227 2344 necessi·

142 2365 249 2426 denique
260 2363 472 2412 circumcisionem
482 2364 547 2412 vidit
557 2365 671 2424 spiritua·
694 2367 761 2424 tato,
773 2368 801 2414 ui
814 2380 863 2415 non
878 2367 911 2415 sit
921 2367 1029 2414 cilicium
1044 2366 1148 2414 reddere
1160 2367 1226 2425 quod

143 2438 192 2484 lem
204 2450 211 2482 t
223 2435 267 2483 sed
278 2435 377 2495 operuit
387 2447 455 2494 cam,
464 2436 494 2499 ut
505 2435 532 2482 in
542 2436 610 2494 signo
622 2436 671 2483 cir·
695 2434 835 2494 acceperim
855 2436 884 2481 ut
901 2435 922 2482 si
936 2435 993 2494 quis
1011 2435 1094 2480 contra
1105 2435 1225 2492 patriam,

142 2503 318 2551 cumcisionem
326 2502 505 2562 proscriberet.
513 2502 671 2561 Viditazyma
695 2514 768 2560 opem
779 2504 893 2550 Barbaris
903 2503 1001 2560 ferens,
1012 2503 1142 2560 pecuniam
1153 2515 1226 2560 aper-

141 2572 254 2619 neritatis
262 2572 288 2618 et
294 2569 454 2628 sinceritatis,
463 2570 527 2617 vidit
534 2570 670 2628 passionem
695 2571 734 2616 tus
745 2570 822 2617 hostis
833 2570 962 2629 reposcatr
975 2571 1018 2616 ant
1032 2570 1053 2616 si
1070 2569 1110 2616 cui
1123 2569 1225 2628 reddas,

142 2639 241 2685 Domini
260 2650 268 2685 t
286 2637 384 2697 operuit
398 2635 490 2696 azymis
505 2637 671 2695 corporalibus
694 2651 751 2685 cum
763 2639 827 2686 adsit
842 2638 886 2698 qni
902 2638 1049 2698 extorqueat
1067 2651 1074 2684 ι
1093 2637 1115 2685 si
1134 2637 1225 2684 iurenti

142 2719 227 2768 azyma
240 2705 369 2763 veritatis,
384 2704 481 2764 operuit
494 2704 607 2763 passione
622 2706 672 2751 Do-
694 2706 823 2766 restituas,
844 2719 901 2754 cum
916 2718 1015 2753 servare
1031 2718 1080 2752 non
1100 2705 1175 2765 queat
1185 2718 1192 2750 ι
1204 2706 1225 2752 si

142 2775 219 2833 mini,
236 2773 292 2833 agni
306 2772 348 2821 vel
359 2773 431 2821 vituli
446 2773 623 2820 immolatione.
641 2773 671 2820 at
694 2774 827 2822 insanienti
843 2775 953 2836 gladium
964 2775 1102 2835 depositum
1116 2787 1165 2822 non
1179 2787 1225 2821 ne-

140 2844 200 2892 lmni
221 2844 307 2891 levitas
328 2841 490 2891 servaverunt
509 2842 670 2902 mysterium,
694 2856 750 2903 ges,
761 2856 810 2903 quo
822 2857 850 2891 se
864 2843 909 2892 ille
925 2844 1066 2902 interimat,
1077 2855 1159 2891 nonne
1175 2844 1224 2890 sol-

141 2914 198 2961 iidei
208 2926 260 2961 snae
270 2911 393 2971 tegmine3
410 2911 436 2958 ct
449 2911 477 2958 tu
488 2910 612 2958 mediocre
623 2925 670 2971 pu·
693 2912 758 2959 nisse
767 2913 852 2959 contra
863 2911 971 2960 oiiicinm
981 2911 1034 2959 esti
1045 2912 1071 2960 Si
1083 2912 1147 2959 iurto
1159 2925 1225 2972 qna}-

140 2982 178 3029 tas
187 2980 253 3041 quod
265 2979 421 3027 commissum
431 2978 469 3025 est
483 2975 546 3025 tibi?
560 2978 669 3026 Primum
693 2979 740 3026 slta
753 2979 833 3028 sciens
846 2980 980 3041 suscipias,
997 2982 1027 3030 ut
1041 2980 1168 3028 iraudotur
1181 2981 1225 3040 qni

141 3050 170 3097 nt
179 3050 228 3097 alta
238 3048 285 3095 Dei
296 3047 390 3106 videas,
399 3046 464 3107 quod
474 3046 511 3094 est
524 3047 667 3107 sapientias:
693 3049 822 3108 amiserat,
837 3061 919 3098 nonne
930 3050 1014 3106 eontra
1024 3048 1132 3098 officium
1143 3047 1195 3096 esti

141 3116 230 3163 deinde
238 3116 266 3163 nt
276 3115 395 3162 excubias
403 3126 448 3172 pro
455 3116 546 3175 populo
557 3115 668 3174 deieras,
722 3115 776 3164 2611.
791 3117 833 3164 nst
842 3118 918 3165 etiam
933 3118 1018 3170 contra
1033 3118 1142 3166 officium
1160 3130 1223 3165 non-

141 3185 205 3243 quod
216 3186 253 3231 esi
261 3184 364 3242 justitiae
376 3198 383 3229 ι
395 3184 474 3230 castra
488 3183 618 3243 delendas,
631 3184 669 3230 ta-
691 3198 826 3246 numqnam
847 3187 943 3234 solvere
963 3185 1124 3246 promissum,
1144 3198 1225 3233 sacra·

141 3254 350 3313 bernaculumqne
365 3252 473 3311 tuearis,
493 3253 557 3312 qnod
572 3254 609 3301 est
619 3252 669 3300 ior·
692 3258 803 3303 mentum
815 3255 938 3303 custodiro
949 3267 957 3303 ε
969 3256 998 3303 ut
1008 3255 1117 3301 Herodes
1128 3255 1171 3313 qul
1182 3254 1225 3311 jn·

140 3324 253 3373 titudinis
266 3337 272 3369 ι
284 3323 309 3370 te
321 3323 402 3381 ipsum
409 3321 578 3387 ‚continentem
590 3334 619 3369 ac
629 3334 669 3369 so-
693 3322 758 3369 ravit
772 3323 889 3381 quoniam
900 3321 1020 3382 quidquid
1034 3321 1127 3382 petitus
1144 3322 1223 3381 esset,

139 3392 221 3443 brium
232 3392 348 3452 praestes,
363 3390 427 3450 quod
441 3390 479 3436 est
489 3391 667 3449 temperantiae.
693 3389 763 3436 daret
771 3389 828 3437 llliae
835 3389 995 3437 llerodiadis:
1005 3390 1031 3438 et
1039 3388 1226 3436 necomlolran·

169 3461 290 3508 ididiam
297 3460 417 3508 virtutum
426 3471 517 3519 genera
524 3458 669 3518 principalia
693 3456 731 3504 nis
747 3457 875 3517 praestitit,
895 3469 927 3505 ne
946 3458 1093 3518 promissum
1112 3461 1223 3514 negaret.

139 3528 321 3576 constituerunt
334 3527 411 3574 etiam
423 3528 449 3574 hi
465 3527 507 3588 qui
522 3527 581 3575 ioris
593 3528 667 3575 sunt:
692 3527 751 3573 llam
766 3526 797 3573 de
813 3527 920 3586 lephtlre
934 3526 994 3586 quid
1009 3526 1104 3582 dicam,
1119 3523 1162 3583 qui
1178 3525 1224 3570 im·

140 3595 185 3644 sed
199 3594 380 3642 communitatis
395 3594 547 3654 superiorem
557 3595 668 3643 ordinem
692 3593 794 3640 molavit
810 3593 900 3651 tiliam,
915 3593 1028 3652 quaesibi
1043 3591 1132 3640 victori
1143 3591 1224 3650 prima

139 3675 213 3725 quam
231 3661 359 3720 sapientia
376 3661 549 3718 indicaverunt
567 3661 593 3720 ’ς
613 3674 669 3708 cum
693 3661 846 3718 occurrerat,
857 3661 1000 3719 quovotum
1013 3658 1147 3719 impleret,
1158 3660 1223 3719 quod

140 3730 260 3793 sapientia
286 3728 472 3776 tundamentum
501 3729 547 3789 sit,
574 3730 670 3787 lustitia
693 3727 909 3787 spoponderat,ut
921 3726 1042 3787 quidquid
1056 3726 1104 3773 sihi
1116 3727 1223 3786 primmn

693 3795 851 3855 occurrisset,
860 3795 959 3843 olierret
969 3793 1037 3843 Deot
1045 3794 1133 3844 lielius
1143 3795 1223 3845 iuerat

139 3824 675 3843 ffl-

161 3869 669 3922 ·cn11›npmlosoploslmsronusnosrer.nuou
692 3864 755 3913 nihil
767 3865 816 3913 tale
824 3865 969 3926 promittere
990 3876 1066 3924 quarn
1076 3864 1222 3924 promis-sum

138 3927 241 3976 iustitiam
250 3933 300 3972 qua
311 3924 337 3960 ad
346 3925 524 3961 communitatem
536 3924 668 3988 sociotatem·
692 3935 789 3983 solvere
804 3933 948 3995 parricidio·

140 3977 670 4080 {¹12⁰22¹⁰?ssss‘fffiffifflffss'ffl‘fd
723 4003 776 4052 265.
790 4005 846 4052 llaec
864 4003 950 4063 quanti
966 4003 1062 4053 consilii
1079 4002 1112 4053 sit
1127 4005 1223 4065 prospi-

141 4061 207 4126 nus'm
216 4084 455 4133 divinumqumnum
466 4083 576 4131 pennam
693 4083 764 4133 cere,
782 4083 831 4118 non
850 4070 976 4132 ignoratis.
993 4070 1023 4120 at
1040 4071 1098 4120 ideo
1121 4071 1223 4132 eligitur

262 4137 283 4188 3.
1069 4142 1096 4187 lr
