<?xml version="1.0" encoding="UTF-8"?>
<!DOCTYPE html PUBLIC "-//W3C//DTD XHTML 1.0 Transitional//EN"
    "http://www.w3.org/TR/xhtml1/DTD/xhtml1-transitional.dtd">
<html xmlns="http://www.w3.org/1999/xhtml" xml:lang="en" lang="en">
 <head>
  <title>
</title>
<meta http-equiv="Content-Type" content="text/html;charset=utf-8" />
  <meta name='ocr-system' content='tesseract 3.04.00' />
  <meta name='ocr-capabilities' content='ocr_page ocr_carea ocr_par ocr_line ocrx_word'/>
</head>
<body>
  <div class='ocr_page' id='page_1' title='image "./operaomnia01ambrgoog/operaomnia01ambrgoog_0140.png"; bbox 0 0 2752 4814; ppageno 0'>
   <div class='ocr_carea' id='block_1_1' title="bbox 352 404 1225 462">
    <p class='ocr_par' dir='ltr' id='par_1_1' title="bbox 352 404 1225 462">
     <span class='ocr_line' id='line_1_1' title="bbox 352 404 1225 462; baseline -0.002 -8"><span class='ocrx_word' id='word_1_1' title='bbox 352 409 532 454; x_wconf 71' lang='lat' dir='ltr'>expostulo</span> <span class='ocrx_word' id='word_1_2' title='bbox 547 411 580 454; x_wconf 84' lang='grc' dir='ltr'>ΙΝ</span> <span class='ocrx_word' id='word_1_3' title='bbox 595 408 718 462; x_wconf 74' lang='lat' dir='ltr'>suein,</span> <span class='ocrx_word' id='word_1_4' title='bbox 735 409 834 453; x_wconf 80' lang='lat' dir='ltr'>LIBER</span> <span class='ocrx_word' id='word_1_5' title='bbox 851 407 1012 454; x_wconf 79' lang='lat' dir='ltr'><strong>DECIMUS.</strong></span> <span class='ocrx_word' id='word_1_6' title='bbox 1179 404 1225 453; x_wconf 71' lang='lat' dir='ltr'>lit</span> 
     </span>
    </p>
   </div>
   <div class='ocr_carea' id='block_1_2' title="bbox 143 486 1273 759">
    <p class='ocr_par' dir='ltr' id='par_1_2' title="bbox 143 486 1273 759">
     <span class='ocr_line' id='line_1_2' title="bbox 145 486 1226 552; baseline -0.002 -15"><span class='ocrx_word' id='word_1_7' title='bbox 145 490 271 550; x_wconf 75' lang='lat' dir='ltr'><strong>sufflavit,</strong></span> <span class='ocrx_word' id='word_1_8' title='bbox 290 491 331 538; x_wconf 90' lang='lat' dir='ltr'>bic</span> <span class='ocrx_word' id='word_1_9' title='bbox 349 491 486 552; x_wconf 81' lang='lat' dir='ltr'><strong>spopondit.</strong></span> <span class='ocrx_word' id='word_1_10' title='bbox 506 493 556 539; x_wconf 86' lang='lat' dir='ltr'>Nec</span> <span class='ocrx_word' id='word_1_11' title='bbox 574 491 673 540; x_wconf 90' lang='lat' dir='ltr'>videtur</span> <span class='ocrx_word' id='word_1_12' title='bbox 697 486 1226 552; x_wconf 84' lang='lat' dir='ltr'>etiamapostolicoprobavimustcsilmouio.</span> 
     </span>
     <span class='ocr_line' id='line_1_3' title="bbox 145 556 1227 618; baseline -0.002 -13"><span class='ocrx_word' id='word_1_13' title='bbox 145 573 198 607; x_wconf 86' lang='lat' dir='ltr'>esse</span> <span class='ocrx_word' id='word_1_14' title='bbox 219 560 367 608; x_wconf 87' lang='lat' dir='ltr'>contrarium</span> <span class='ocrx_word' id='word_1_15' title='bbox 395 573 451 608; x_wconf 90' lang='lat' dir='ltr'>cum</span> <span class='ocrx_word' id='word_1_16' title='bbox 472 561 605 608; x_wconf 81' lang='lat' dir='ltr'>divisiones</span> <span class='ocrx_word' id='word_1_17' title='bbox 624 559 673 607; x_wconf 91' lang='lat' dir='ltr'>sint</span> <span class='ocrx_word' id='word_1_18' title='bbox 697 561 725 607; x_wconf 85' lang='lat' dir='ltr'>Et</span> <span class='ocrx_word' id='word_1_19' title='bbox 733 561 810 607; x_wconf 88' lang='lat' dir='ltr'>Lucas</span> <span class='ocrx_word' id='word_1_20' title='bbox 820 560 847 606; x_wconf 92' lang='lat' dir='ltr'>in</span> <span class='ocrx_word' id='word_1_21' title='bbox 859 560 959 606; x_wconf 73' lang='lat' dir='ltr'>Actibus</span> <span class='ocrx_word' id='word_1_22' title='bbox 969 558 1132 618; x_wconf 87' lang='lat' dir='ltr'>apostolorum</span> <span class='ocrx_word' id='word_1_23' title='bbox 1142 556 1227 603; x_wconf 90' lang='lat' dir='ltr'>docuit</span> 
     </span>
     <span class='ocr_line' id='line_1_4' title="bbox 143 626 1273 689; baseline -0.002 -16"><span class='ocrx_word' id='word_1_24' title='bbox 143 628 275 684; x_wconf 73' lang='lat' dir='ltr'>gratiarum</span> <span class='ocrx_word' id='word_1_25' title='bbox 285 642 291 674; x_wconf 74' lang='grc' dir='ltr'>ι</span> <span class='ocrx_word' id='word_1_26' title='bbox 302 629 416 677; x_wconf 77' lang='lat' dir='ltr'>Aliicnim</span> <span class='ocrx_word' id='word_1_27' title='bbox 424 631 672 689; x_wconf 78' lang='lat' dir='ltr'>deturaerrnosopicn·</span> <span class='ocrx_word' id='word_1_28' title='bbox 696 629 762 688; x_wconf 90' lang='lat' dir='ltr'>quod</span> <span class='ocrx_word' id='word_1_29' title='bbox 782 629 909 688; x_wconf 83' lang='lat' dir='ltr'>discipulis</span> <span class='ocrx_word' id='word_1_30' title='bbox 922 628 1103 687; x_wconf 70' lang='lat' dir='ltr'>manifestaverit</span> <span class='ocrx_word' id='word_1_31' title='bbox 1118 641 1142 675; x_wconf 88' lang='lat' dir='ltr'>sc</span> <span class='ocrx_word' id='word_1_32' title='bbox 1152 626 1226 674; x_wconf 81' lang='lat' dir='ltr'>nivere</span> <span class='ocrx_word' id='word_1_33' title='bbox 1266 629 1273 646; x_wconf 61' lang='lat'><strong>⁸</strong></span> 
     </span>
     <span class='ocr_line' id='line_1_5' title="bbox 144 698 1226 759; baseline -0.002 -16"><span class='ocrx_word' id='word_1_34' title='bbox 144 699 182 743; x_wconf 89' lang='lat' dir='ltr'>tioe</span> <span class='ocrx_word' id='word_1_35' title='bbox 187 729 196 753; x_wconf 88' lang='lat'><em>‚</em></span> <span class='ocrx_word' id='word_1_36' title='bbox 208 698 251 745; x_wconf 87' lang='lat' dir='ltr'>alii</span> <span class='ocrx_word' id='word_1_37' title='bbox 267 701 344 745; x_wconf 85' lang='lat' dir='ltr'>antem</span> <span class='ocrx_word' id='word_1_38' title='bbox 353 712 428 747; x_wconf 83' lang='lat' dir='ltr'>sermo</span> <span class='ocrx_word' id='word_1_39' title='bbox 439 701 539 747; x_wconf 80' lang='lat' dir='ltr'>scientim</span> <span class='ocrx_word' id='word_1_40' title='bbox 549 701 672 746; x_wconf 77' lang='lat' dir='ltr'>secondum</span> <span class='ocrx_word' id='word_1_41' title='bbox 695 701 745 757; x_wconf 82' lang='lat' dir='ltr'>post</span> <span class='ocrx_word' id='word_1_42' title='bbox 752 700 883 759; x_wconf 78' lang='lat' dir='ltr'>passionem</span> <span class='ocrx_word' id='word_1_43' title='bbox 893 699 1004 754; x_wconf 83' lang='lat' dir='ltr'>anom,·in</span> <span class='ocrx_word' id='word_1_44' title='bbox 1013 698 1094 744; x_wconf 78' lang='lat' dir='ltr'>nattis</span> <span class='ocrx_word' id='word_1_45' title='bbox 1101 706 1226 756; x_wconf 74' lang='lat' dir='ltr'>arqnmcn·</span> 
     </span>
    </p>
   </div>
   <div class='ocr_carea' id='block_1_3' title="bbox 143 764 1308 827">
    <p class='ocr_par' dir='ltr' id='par_1_3' title="bbox 143 764 1308 827">
     <span class='ocr_line' id='line_1_6' title="bbox 143 764 1308 827; baseline 0.007 -18"><span class='ocrx_word' id='word_1_46' title='bbox 143 767 248 813; x_wconf 81' lang='lat' dir='ltr'>curndcm</span> <span class='ocrx_word' id='word_1_47' title='bbox 267 769 394 827; x_wconf 84' lang='lat' dir='ltr'>Spiritum,</span> <span class='ocrx_word' id='word_1_48' title='bbox 414 769 457 815; x_wconf 88' lang='lat' dir='ltr'>otii</span> <span class='ocrx_word' id='word_1_49' title='bbox 475 769 529 826; x_wconf 72' lang='lat' dir='ltr'>tides</span> <span class='ocrx_word' id='word_1_50' title='bbox 549 769 574 813; x_wconf 90' lang='lat' dir='ltr'>in</span> <span class='ocrx_word' id='word_1_51' title='bbox 595 769 672 814; x_wconf 87' lang='lat' dir='ltr'>codem</span> <span class='ocrx_word' id='word_1_52' title='bbox 696 764 1224 826; x_wconf 60' lang='lat' dir='ltr'>tisapparenrninetaupotansderepnobei·</span> <span class='ocrx_word' id='word_1_53' title='bbox 1302 781 1308 799; x_wconf 83' lang='lat'><strong>·</strong></span> 
     </span>
    </p>
   </div>
   <div class='ocr_carea' id='block_1_4' title="bbox 142 833 1228 2060">
    <p class='ocr_par' dir='ltr' id='par_1_4' title="bbox 142 833 1228 1374">
     <span class='ocr_line' id='line_1_7' title="bbox 144 833 1226 895; baseline 0.005 -17"><span class='ocrx_word' id='word_1_54' title='bbox 144 835 245 892; x_wconf 83' lang='lat' dir='ltr'>Spiritu,</span> <span class='ocrx_word' id='word_1_55' title='bbox 262 837 304 882; x_wconf 84' lang='lat' dir='ltr'>alii</span> <span class='ocrx_word' id='word_1_56' title='bbox 320 837 398 895; x_wconf 73' lang='lat' dir='ltr'>prelio</span> <span class='ocrx_word' id='word_1_57' title='bbox 416 838 562 883; x_wconf 73' lang='lat' dir='ltr'>curationum</span> <span class='ocrx_word' id='word_1_58' title='bbox 581 836 605 881; x_wconf 86' lang='lat' dir='ltr'>in</span> <span class='ocrx_word' id='word_1_59' title='bbox 625 847 672 883; x_wconf 89' lang='lat' dir='ltr'>nno</span> <span class='ocrx_word' id='word_1_60' title='bbox 696 837 755 894; x_wconf 80' lang='lat' dir='ltr'>Erg‘o</span> <span class='ocrx_word' id='word_1_61' title='bbox 766 835 824 894; x_wconf 85' lang='lat' dir='ltr'>quia</span> <span class='ocrx_word' id='word_1_62' title='bbox 839 834 928 894; x_wconf 76' lang='lat' dir='ltr'>saepius</span> <span class='ocrx_word' id='word_1_63' title='bbox 944 834 969 881; x_wconf 90' lang='lat' dir='ltr'>et</span> <span class='ocrx_word' id='word_1_64' title='bbox 984 833 1087 882; x_wconf 90' lang='lat' dir='ltr'>diversis</span> <span class='ocrx_word' id='word_1_65' title='bbox 1097 836 1226 894; x_wconf 84' lang='lat' dir='ltr'>apparuit,</span> 
     </span>
     <span class='ocr_line' id='line_1_8' title="bbox 144 901 1227 965; baseline 0.003 -17"><span class='ocrx_word' id='word_1_66' title='bbox 144 903 246 961; x_wconf 83' lang='lat' dir='ltr'>Spiritu,</span> <span class='ocrx_word' id='word_1_67' title='bbox 261 905 303 951; x_wconf 89' lang='lat' dir='ltr'>alii</span> <span class='ocrx_word' id='word_1_68' title='bbox 312 906 415 965; x_wconf 87' lang='lat' dir='ltr'>operatio</span> <span class='ocrx_word' id='word_1_69' title='bbox 427 906 553 961; x_wconf 66' lang='lat' dir='ltr'>virtutum,</span> <span class='ocrx_word' id='word_1_70' title='bbox 568 905 610 951; x_wconf 84' lang='lat' dir='ltr'>otii</span> <span class='ocrx_word' id='word_1_71' title='bbox 616 917 672 963; x_wconf 85' lang='lat' dir='ltr'>pro·</span> <span class='ocrx_word' id='word_1_72' title='bbox 695 916 752 950; x_wconf 88' lang='lat' dir='ltr'>cum</span> <span class='ocrx_word' id='word_1_73' title='bbox 762 903 894 950; x_wconf 85' lang='lat' dir='ltr'>inGalilaea</span> <span class='ocrx_word' id='word_1_74' title='bbox 904 902 1003 962; x_wconf 84' lang='lat' dir='ltr'>quando</span> <span class='ocrx_word' id='word_1_75' title='bbox 1012 901 1126 961; x_wconf 85' lang='lat' dir='ltr'>sitvisus,</span> <span class='ocrx_word' id='word_1_76' title='bbox 1134 915 1227 963; x_wconf 79' lang='lat' dir='ltr'>nequa·</span> 
     </span>
     <span class='ocr_line' id='line_1_9' title="bbox 143 969 1227 1034; baseline 0.003 -18"><span class='ocrx_word' id='word_1_77' title='bbox 143 971 220 1031; x_wconf 78' lang='lat' dir='ltr'>plicita</span> <span class='ocrx_word' id='word_1_78' title='bbox 225 1005 233 1030; x_wconf 95' lang='lat'><strong><em>,</em></strong></span> <span class='ocrx_word' id='word_1_79' title='bbox 252 975 294 1021; x_wconf 84' lang='lat' dir='ltr'>atii</span> <span class='ocrx_word' id='word_1_80' title='bbox 303 976 408 1022; x_wconf 86' lang='lat' dir='ltr'>discretio</span> <span class='ocrx_word' id='word_1_81' title='bbox 424 977 562 1034; x_wconf 78' lang='lat' dir='ltr'>spirituum,</span> <span class='ocrx_word' id='word_1_82' title='bbox 576 974 618 1020; x_wconf 85' lang='lat' dir='ltr'>olii</span> <span class='ocrx_word' id='word_1_83' title='bbox 633 988 671 1034; x_wconf 76' lang='lat' dir='ltr'>pe·</span> <span class='ocrx_word' id='word_1_84' title='bbox 694 984 766 1031; x_wconf 86' lang='lat' dir='ltr'>quarn</span> <span class='ocrx_word' id='word_1_85' title='bbox 774 971 944 1032; x_wconf 72' lang='lat' dir='ltr'>proscriptum</span> <span class='ocrx_word' id='word_1_86' title='bbox 955 982 983 1017; x_wconf 89' lang='lat' dir='ltr'>ac</span> <span class='ocrx_word' id='word_1_87' title='bbox 994 969 1122 1017; x_wconf 88' lang='lat' dir='ltr'>delinitum</span> <span class='ocrx_word' id='word_1_88' title='bbox 1129 971 1227 1032; x_wconf 89' lang='lat' dir='ltr'>tempus</span> 
     </span>
     <span class='ocr_line' id='line_1_10' title="bbox 144 1037 1226 1100; baseline 0.003 -17"><span class='ocrx_word' id='word_1_89' title='bbox 144 1041 672 1100; x_wconf 82' lang='lat' dir='ltr'>nerotinpnornm,cliiinterprctctiorcrmo-</span> <span class='ocrx_word' id='word_1_90' title='bbox 694 1039 818 1100; x_wconf 81' lang='lat' dir='ltr'>Scriptura</span> <span class='ocrx_word' id='word_1_91' title='bbox 841 1039 974 1100; x_wconf 82' lang='lat' dir='ltr'>signaverit</span> <span class='ocrx_word' id='word_1_92' title='bbox 996 1051 1002 1083; x_wconf 72' lang='grc' dir='ltr'><strong>ε</strong></span> <span class='ocrx_word' id='word_1_93' title='bbox 1024 1037 1050 1083; x_wconf 92' lang='lat' dir='ltr'>in</span> <span class='ocrx_word' id='word_1_94' title='bbox 1073 1039 1226 1086; x_wconf 79' lang='lat' dir='ltr'>Hierusalem</span> 
     </span>
     <span class='ocr_line' id='line_1_11' title="bbox 142 1107 1226 1168; baseline 0.003 -17"><span class='ocrx_word' id='word_1_95' title='bbox 142 1118 209 1153; x_wconf 76' lang='lat' dir='ltr'>ianm.</span> <span class='ocrx_word' id='word_1_96' title='bbox 221 1109 282 1168; x_wconf 78' lang='lat' dir='ltr'>Ergo</span> <span class='ocrx_word' id='word_1_97' title='bbox 296 1110 370 1155; x_wconf 89' lang='lat' dir='ltr'>aliam</span> <span class='ocrx_word' id='word_1_98' title='bbox 388 1108 525 1156; x_wconf 80' lang='lat' dir='ltr'>insufflavit</span> <span class='ocrx_word' id='word_1_99' title='bbox 541 1107 574 1153; x_wconf 92' lang='lat' dir='ltr'>ibi</span> <span class='ocrx_word' id='word_1_100' title='bbox 586 1120 672 1168; x_wconf 87' lang='lat' dir='ltr'>opera·</span> <span class='ocrx_word' id='word_1_101' title='bbox 694 1110 791 1168; x_wconf 91' lang='lat' dir='ltr'>quando</span> <span class='ocrx_word' id='word_1_102' title='bbox 807 1122 833 1157; x_wconf 89' lang='lat' dir='ltr'>se</span> <span class='ocrx_word' id='word_1_103' title='bbox 848 1108 978 1165; x_wconf 91' lang='lat' dir='ltr'>obtulerit,</span> <span class='ocrx_word' id='word_1_104' title='bbox 991 1108 1021 1155; x_wconf 84' lang='lat' dir='ltr'>et</span> <span class='ocrx_word' id='word_1_105' title='bbox 1027 1107 1093 1154; x_wconf 92' lang='lat' dir='ltr'>diem</span> <span class='ocrx_word' id='word_1_106' title='bbox 1104 1108 1129 1155; x_wconf 87' lang='lat' dir='ltr'>et</span> <span class='ocrx_word' id='word_1_107' title='bbox 1141 1107 1226 1154; x_wconf 88' lang='lat' dir='ltr'>horam</span> 
     </span>
     <span class='ocr_line' id='line_1_12' title="bbox 143 1173 1225 1238; baseline 0.002 -18"><span class='ocrx_word' id='word_1_108' title='bbox 143 1173 246 1235; x_wconf 87' lang='lat' dir='ltr'>tionem,</span> <span class='ocrx_word' id='word_1_109' title='bbox 257 1177 299 1225; x_wconf 88' lang='lat' dir='ltr'>bic</span> <span class='ocrx_word' id='word_1_110' title='bbox 315 1178 387 1223; x_wconf 88' lang='lat' dir='ltr'>aliam</span> <span class='ocrx_word' id='word_1_111' title='bbox 398 1178 545 1237; x_wconf 89' lang='lat' dir='ltr'>pollicetur:</span> <span class='ocrx_word' id='word_1_112' title='bbox 557 1176 592 1223; x_wconf 91' lang='lat' dir='ltr'>ibi</span> <span class='ocrx_word' id='word_1_113' title='bbox 605 1176 670 1222; x_wconf 90' lang='lat' dir='ltr'>enirn</span> <span class='ocrx_word' id='word_1_114' title='bbox 695 1177 858 1238; x_wconf 84' lang='lat' dir='ltr'>expresserit;</span> <span class='ocrx_word' id='word_1_115' title='bbox 870 1177 1007 1224; x_wconf 87' lang='lat' dir='ltr'>timidiores</span> <span class='ocrx_word' id='word_1_116' title='bbox 1024 1175 1089 1222; x_wconf 88' lang='lat' dir='ltr'>intra</span> <span class='ocrx_word' id='word_1_117' title='bbox 1099 1176 1225 1223; x_wconf 86' lang='lat' dir='ltr'>conclavia</span> 
     </span>
     <span class='ocr_line' id='line_1_13' title="bbox 143 1243 1228 1306; baseline 0.003 -17"><span class='ocrx_word' id='word_1_118' title='bbox 143 1245 346 1293; x_wconf 82' lang='lat' dir='ltr'>remittendorum</span> <span class='ocrx_word' id='word_1_119' title='bbox 353 1248 431 1305; x_wconf 77' lang='lat' dir='ltr'>gratia</span> <span class='ocrx_word' id='word_1_120' title='bbox 440 1246 530 1293; x_wconf 89' lang='lat' dir='ltr'>tributa</span> <span class='ocrx_word' id='word_1_121' title='bbox 543 1247 672 1306; x_wconf 87' lang='lat' dir='ltr'>estpecca·</span> <span class='ocrx_word' id='word_1_122' title='bbox 694 1243 852 1305; x_wconf 81' lang='lat' dir='ltr'>revisuntur,</span> <span class='ocrx_word' id='word_1_123' title='bbox 873 1244 986 1293; x_wconf 86' lang='lat' dir='ltr'>tortiores</span> <span class='ocrx_word' id='word_1_124' title='bbox 1001 1243 1033 1292; x_wconf 89' lang='lat' dir='ltr'>ad</span> <span class='ocrx_word' id='word_1_125' title='bbox 1047 1244 1156 1291; x_wconf 90' lang='lat' dir='ltr'>montem</span> <span class='ocrx_word' id='word_1_126' title='bbox 1167 1256 1228 1292; x_wconf 92' lang='lat' dir='ltr'>con·</span> 
     </span>
     <span class='ocr_line' id='line_1_14' title="bbox 143 1313 827 1374; baseline 0.004 -16"><span class='ocrx_word' id='word_1_127' title='bbox 143 1314 238 1372; x_wconf 91' lang='lat' dir='ltr'>torum,</span> <span class='ocrx_word' id='word_1_128' title='bbox 254 1315 320 1374; x_wconf 90' lang='lat' dir='ltr'>quod</span> <span class='ocrx_word' id='word_1_129' title='bbox 338 1327 391 1360; x_wconf 90' lang='lat' dir='ltr'>esse</span> <span class='ocrx_word' id='word_1_130' title='bbox 410 1314 510 1361; x_wconf 87' lang='lat' dir='ltr'>videtur</span> <span class='ocrx_word' id='word_1_131' title='bbox 528 1314 670 1374; x_wconf 78' lang='lat' dir='ltr'>augustius:</span> <span class='ocrx_word' id='word_1_132' title='bbox 697 1313 827 1362; x_wconf 88' lang='lat' dir='ltr'>venerunt.</span> 
     </span>
    </p>

    <p class='ocr_par' dir='ltr' id='par_1_5' title="bbox 142 1380 1227 2060">
     <span class='ocr_line' id='line_1_15' title="bbox 144 1380 1227 1443; baseline 0.004 -17"><span class='ocrx_word' id='word_1_133' title='bbox 144 1381 170 1427; x_wconf 90' lang='lat' dir='ltr'>et</span> <span class='ocrx_word' id='word_1_134' title='bbox 183 1381 393 1430; x_wconf 73' lang='lat' dir='ltr'>ideo&#39;insultlatur</span> <span class='ocrx_word' id='word_1_135' title='bbox 405 1394 419 1429; x_wconf 89' lang='lat' dir='ltr'>a</span> <span class='ocrx_word' id='word_1_136' title='bbox 429 1383 534 1443; x_wconf 86' lang='lat' dir='ltr'>christo,</span> <span class='ocrx_word' id='word_1_137' title='bbox 545 1385 574 1431; x_wconf 91' lang='lat' dir='ltr'>ut</span> <span class='ocrx_word' id='word_1_138' title='bbox 588 1384 672 1432; x_wconf 89' lang='lat' dir='ltr'>credas</span> <span class='ocrx_word' id='word_1_139' title='bbox 726 1382 778 1429; x_wconf 72' lang='lat'><strong>185.</strong></span> <span class='ocrx_word' id='word_1_140' title='bbox 796 1383 908 1443; x_wconf 88' lang='lat' dir='ltr'>Denique</span> <span class='ocrx_word' id='word_1_141' title='bbox 927 1383 990 1432; x_wconf 87' lang='lat' dir='ltr'>intra</span> <span class='ocrx_word' id='word_1_142' title='bbox 1008 1383 1143 1442; x_wconf 86' lang='lat' dir='ltr'>conclave,</span> <span class='ocrx_word' id='word_1_143' title='bbox 1158 1380 1227 1430; x_wconf 85' lang='lat' dir='ltr'>ostiis</span> 
     </span>
     <span class='ocr_line' id='line_1_16' title="bbox 144 1447 1227 1512; baseline 0.004 -18"><span class='ocrx_word' id='word_1_144' title='bbox 144 1447 262 1506; x_wconf 90' lang='lat' dir='ltr'>Spiritum</span> <span class='ocrx_word' id='word_1_145' title='bbox 272 1449 374 1508; x_wconf 81' lang='lat' dir='ltr'>Christi,</span> <span class='ocrx_word' id='word_1_146' title='bbox 384 1450 410 1497; x_wconf 90' lang='lat' dir='ltr'>et</span> <span class='ocrx_word' id='word_1_147' title='bbox 421 1453 504 1499; x_wconf 86' lang='lat' dir='ltr'>credas</span> <span class='ocrx_word' id='word_1_148' title='bbox 513 1451 545 1499; x_wconf 89' lang='lat' dir='ltr'>de</span> <span class='ocrx_word' id='word_1_149' title='bbox 555 1453 606 1498; x_wconf 89' lang='lat' dir='ltr'>Deo</span> <span class='ocrx_word' id='word_1_150' title='bbox 617 1451 671 1511; x_wconf 90' lang='lat' dir='ltr'>Spi·</span> <span class='ocrx_word' id='word_1_151' title='bbox 694 1452 797 1510; x_wconf 86' lang='lat' dir='ltr'>clausis,</span> <span class='ocrx_word' id='word_1_152' title='bbox 823 1452 918 1501; x_wconf 82' lang='lat' dir='ltr'>inducit</span> <span class='ocrx_word' id='word_1_153' title='bbox 943 1453 1068 1501; x_wconf 81' lang='lat' dir='ltr'>iohannes</span> <span class='ocrx_word' id='word_1_154' title='bbox 1094 1451 1227 1512; x_wconf 87' lang='lat' dir='ltr'>discipulos</span> 
     </span>
     <span class='ocr_line' id='line_1_17' title="bbox 144 1515 1224 1583; baseline 0.007 -23"><span class='ocrx_word' id='word_1_155' title='bbox 144 1515 218 1562; x_wconf 89' lang='lat' dir='ltr'>ritum</span> <span class='ocrx_word' id='word_1_156' title='bbox 229 1530 236 1575; x_wconf 75' lang='grc' dir='ltr'><strong>ς</strong></span> <span class='ocrx_word' id='word_1_157' title='bbox 248 1517 315 1566; x_wconf 85' lang='lat' dir='ltr'>Deus</span> <span class='ocrx_word' id='word_1_158' title='bbox 326 1520 392 1565; x_wconf 90' lang='lat' dir='ltr'>enim</span> <span class='ocrx_word' id='word_1_159' title='bbox 403 1521 468 1567; x_wconf 90' lang='lat' dir='ltr'>solus</span> <span class='ocrx_word' id='word_1_160' title='bbox 479 1520 579 1581; x_wconf 82' lang='lat' dir='ltr'>peccata</span> <span class='ocrx_word' id='word_1_161' title='bbox 589 1519 674 1568; x_wconf 93' lang='lat' dir='ltr'>dimit·</span> <span class='ocrx_word' id='word_1_162' title='bbox 694 1523 850 1582; x_wconf 76' lang='lat' dir='ltr'>congregatos</span> <span class='ocrx_word' id='word_1_163' title='bbox 860 1523 960 1583; x_wconf 88' lang='lat' dir='ltr'>propter</span> <span class='ocrx_word' id='word_1_164' title='bbox 967 1524 1062 1570; x_wconf 92' lang='lat' dir='ltr'>metum</span> <span class='ocrx_word' id='word_1_165' title='bbox 1070 1522 1224 1569; x_wconf 85' lang='lat' dir='ltr'>Judaeorum:</span> 
     </span>
     <span class='ocr_line' id='line_1_18' title="bbox 143 1583 1226 1651; baseline 0.008 -23"><span class='ocrx_word' id='word_1_166' title='bbox 143 1583 183 1630; x_wconf 89' lang='lat' dir='ltr'>tit.</span> <span class='ocrx_word' id='word_1_167' title='bbox 203 1585 282 1632; x_wconf 82' lang='lat' dir='ltr'>Lucas</span> <span class='ocrx_word' id='word_1_168' title='bbox 306 1587 389 1634; x_wconf 85' lang='lat' dir='ltr'>autern</span> <span class='ocrx_word' id='word_1_169' title='bbox 407 1588 547 1648; x_wconf 75' lang='lat' dir='ltr'>linguarum</span> <span class='ocrx_word' id='word_1_170' title='bbox 568 1588 670 1648; x_wconf 79' lang='lat' dir='ltr'>gratiam</span> <span class='ocrx_word' id='word_1_171' title='bbox 693 1603 754 1650; x_wconf 88' lang='lat' dir='ltr'>quos</span> <span class='ocrx_word' id='word_1_172' title='bbox 771 1603 821 1638; x_wconf 90' lang='lat' dir='ltr'>uon</span> <span class='ocrx_word' id='word_1_173' title='bbox 839 1592 956 1638; x_wconf 87' lang='lat' dir='ltr'>undecim</span> <span class='ocrx_word' id='word_1_174' title='bbox 973 1592 1064 1651; x_wconf 84' lang='lat' dir='ltr'>Lucas,</span> <span class='ocrx_word' id='word_1_175' title='bbox 1081 1590 1125 1637; x_wconf 89' lang='lat' dir='ltr'>sed</span> <span class='ocrx_word' id='word_1_176' title='bbox 1142 1589 1226 1650; x_wconf 90' lang='lat' dir='ltr'>plures</span> 
     </span>
     <span class='ocr_line' id='line_1_19' title="bbox 143 1655 1226 1722; baseline 0.002 -20"><span class='ocrx_word' id='word_1_177' title='bbox 143 1655 260 1703; x_wconf 87' lang='lat' dir='ltr'>describit</span> <span class='ocrx_word' id='word_1_178' title='bbox 271 1655 381 1702; x_wconf 84' lang='lat' dir='ltr'>etiosam.</span> <span class='ocrx_word' id='word_1_179' title='bbox 400 1657 512 1716; x_wconf 85' lang='lat' dir='ltr'>Denique</span> <span class='ocrx_word' id='word_1_180' title='bbox 525 1656 560 1703; x_wconf 90' lang='lat' dir='ltr'>ibi</span> <span class='ocrx_word' id='word_1_181' title='bbox 576 1657 651 1704; x_wconf 87' lang='lat' dir='ltr'>babes</span> <span class='ocrx_word' id='word_1_182' title='bbox 662 1670 669 1702; x_wconf 75' lang='lat' dir='ltr'><strong><em>z</em></strong></span> <span class='ocrx_word' id='word_1_183' title='bbox 694 1660 791 1721; x_wconf 81' lang='lat' dir='ltr'>scripsit</span> <span class='ocrx_word' id='word_1_184' title='bbox 799 1659 874 1708; x_wconf 86' lang='lat' dir='ltr'>tuisse</span> <span class='ocrx_word' id='word_1_185' title='bbox 885 1657 920 1722; x_wconf 88' lang='lat' dir='ltr'>(v.</span> <span class='ocrx_word' id='word_1_186' title='bbox 931 1662 961 1707; x_wconf 90' lang='grc'>55</span> <span class='ocrx_word' id='word_1_187' title='bbox 972 1658 1065 1722; x_wconf 73' lang='lat' dir='ltr'>&gt;rietes</span> <span class='ocrx_word' id='word_1_188' title='bbox 1075 1658 1157 1706; x_wconf 86' lang='lat' dir='ltr'>autern</span> <span class='ocrx_word' id='word_1_189' title='bbox 1165 1658 1226 1705; x_wconf 81' lang='lat' dir='ltr'>nat-</span> 
     </span>
     <span class='ocr_line' id='line_1_20' title="bbox 143 1725 1227 1785; baseline 0.002 -12"><span class='ocrx_word' id='word_1_190' title='bbox 143 1725 244 1783; x_wconf 85' lang='lat' dir='ltr'>Accipitc</span> <span class='ocrx_word' id='word_1_191' title='bbox 263 1725 376 1783; x_wconf 82' lang='lat' dir='ltr'>spiritum</span> <span class='ocrx_word' id='word_1_192' title='bbox 385 1728 509 1772; x_wconf 81' lang='lat' dir='ltr'>sanctam:</span> <span class='ocrx_word' id='word_1_193' title='bbox 520 1739 619 1785; x_wconf 80' lang='lat' dir='ltr'>quornm</span> <span class='ocrx_word' id='word_1_194' title='bbox 635 1739 671 1773; x_wconf 86' lang='lat' dir='ltr'>rc·</span> <span class='ocrx_word' id='word_1_195' title='bbox 694 1729 772 1776; x_wconf 83' lang='lat' dir='ltr'>thaeus</span> <span class='ocrx_word' id='word_1_196' title='bbox 787 1730 904 1778; x_wconf 81' lang='lat' dir='ltr'>undecim</span> <span class='ocrx_word' id='word_1_197' title='bbox 915 1730 978 1777; x_wconf 89' lang='lat' dir='ltr'>solos</span> <span class='ocrx_word' id='word_1_198' title='bbox 988 1730 1015 1776; x_wconf 90' lang='lat' dir='ltr'>in</span> <span class='ocrx_word' id='word_1_199' title='bbox 1024 1729 1123 1776; x_wconf 75' lang='lat' dir='ltr'>Galilaea</span> <span class='ocrx_word' id='word_1_200' title='bbox 1134 1739 1227 1775; x_wconf 88' lang='lat' dir='ltr'>conve·</span> 
     </span>
     <span class='ocr_line' id='line_1_21' title="bbox 142 1794 1224 1856; baseline 0.003 -18"><span class='ocrx_word' id='word_1_201' title='bbox 142 1794 368 1852; x_wconf 77' lang='lat' dir='ltr'>naieerilispeccata,</span> <span class='ocrx_word' id='word_1_202' title='bbox 381 1796 562 1841; x_wconf 85' lang='lat' dir='ltr'>remissoernnt.</span> <span class='ocrx_word' id='word_1_203' title='bbox 572 1794 602 1841; x_wconf 80' lang='lat' dir='ltr'>At</span> <span class='ocrx_word' id='word_1_204' title='bbox 612 1806 671 1840; x_wconf 89' lang='lat' dir='ltr'>vero</span> <span class='ocrx_word' id='word_1_205' title='bbox 694 1798 760 1845; x_wconf 89' lang='lat' dir='ltr'>nisse</span> <span class='ocrx_word' id='word_1_206' title='bbox 777 1811 827 1845; x_wconf 91' lang='lat' dir='ltr'>non</span> <span class='ocrx_word' id='word_1_207' title='bbox 842 1797 921 1845; x_wconf 87' lang='lat' dir='ltr'>siluit.</span> <span class='ocrx_word' id='word_1_208' title='bbox 937 1797 1051 1856; x_wconf 86' lang='lat' dir='ltr'>Denique</span> <span class='ocrx_word' id='word_1_209' title='bbox 1076 1796 1111 1843; x_wconf 91' lang='lat' dir='ltr'>sie</span> <span class='ocrx_word' id='word_1_210' title='bbox 1129 1796 1224 1843; x_wconf 86' lang='lat' dir='ltr'>hahes:</span> 
     </span>
     <span class='ocr_line' id='line_1_22' title="bbox 143 1860 1226 1925; baseline 0.006 -19"><span class='ocrx_word' id='word_1_211' title='bbox 143 1861 169 1906; x_wconf 85' lang='lat' dir='ltr'>in</span> <span class='ocrx_word' id='word_1_212' title='bbox 179 1860 280 1908; x_wconf 82' lang='lat' dir='ltr'>Actibus</span> <span class='ocrx_word' id='word_1_213' title='bbox 291 1862 453 1920; x_wconf 85' lang='lat' dir='ltr'>apestolorum</span> <span class='ocrx_word' id='word_1_214' title='bbox 475 1862 510 1908; x_wconf 88' lang='lat' dir='ltr'>sie</span> <span class='ocrx_word' id='word_1_215' title='bbox 531 1861 607 1909; x_wconf 87' lang='lat' dir='ltr'>habes</span> <span class='ocrx_word' id='word_1_216' title='bbox 621 1875 628 1907; x_wconf 77' lang='lat' dir='ltr'>t</span> <span class='ocrx_word' id='word_1_217' title='bbox 640 1865 671 1910; x_wconf 82' lang='lat' dir='ltr'>Et</span> <span class='ocrx_word' id='word_1_218' title='bbox 697 1868 805 1914; x_wconf 84' lang='lat' dir='ltr'>Undecim</span> <span class='ocrx_word' id='word_1_219' title='bbox 818 1869 897 1913; x_wconf 81' lang='lat' dir='ltr'>antem</span> <span class='ocrx_word' id='word_1_220' title='bbox 909 1868 1014 1925; x_wconf 86' lang='lat' dir='ltr'>discipali</span> <span class='ocrx_word' id='word_1_221' title='bbox 1024 1866 1131 1912; x_wconf 84' lang='lat' dir='ltr'>obierunt</span> <span class='ocrx_word' id='word_1_222' title='bbox 1140 1866 1165 1910; x_wconf 89' lang='lat' dir='ltr'>in</span> <span class='ocrx_word' id='word_1_223' title='bbox 1177 1866 1226 1912; x_wconf 85' lang='lat' dir='ltr'>Ga·</span> 
     </span>
     <span class='ocr_line' id='line_1_23' title="bbox 143 1929 1225 1992; baseline 0.001 -13"><span class='ocrx_word' id='word_1_224' title='bbox 143 1929 223 1988; x_wconf 67' lang='lat' dir='ltr'>inpleti</span> <span class='ocrx_word' id='word_1_225' title='bbox 238 1932 293 1976; x_wconf 75' lang='lat' dir='ltr'>tunt</span> <span class='ocrx_word' id='word_1_226' title='bbox 308 1943 387 1976; x_wconf 74' lang='lat' dir='ltr'>omnes</span> <span class='ocrx_word' id='word_1_227' title='bbox 398 1931 486 1988; x_wconf 73' lang='lat' dir='ltr'>Spiritu</span> <span class='ocrx_word' id='word_1_228' title='bbox 492 1933 588 1986; x_wconf 69' lang='lat' dir='ltr'>sancto,</span> <span class='ocrx_word' id='word_1_229' title='bbox 599 1933 621 1976; x_wconf 79' lang='lat' dir='ltr'>et</span> <span class='ocrx_word' id='word_1_230' title='bbox 629 1944 672 1977; x_wconf 87' lang='lat' dir='ltr'>coe·</span> <span class='ocrx_word' id='word_1_231' title='bbox 695 1935 798 1992; x_wconf 84' lang='lat' dir='ltr'>liloeam,</span> <span class='ocrx_word' id='word_1_232' title='bbox 817 1937 954 1982; x_wconf 68' lang='lat' dir='ltr'>trementem</span> <span class='ocrx_word' id='word_1_233' title='bbox 969 1935 1010 1981; x_wconf 87' lang='lat' dir='ltr'>nbi</span> <span class='ocrx_word' id='word_1_234' title='bbox 1021 1935 1170 1980; x_wconf 86' lang='lat' dir='ltr'>constituerat</span> <span class='ocrx_word' id='word_1_235' title='bbox 1180 1934 1225 1980; x_wconf 84' lang='lat' dir='ltr'>illis</span> 
     </span>
     <span class='ocr_line' id='line_1_24' title="bbox 142 1998 1226 2060; baseline 0.005 -18"><span class='ocrx_word' id='word_1_236' title='bbox 142 1999 227 2056; x_wconf 79' lang='lat' dir='ltr'>perant</span> <span class='ocrx_word' id='word_1_237' title='bbox 237 1999 301 2058; x_wconf 80' lang='lat' dir='ltr'>loqui</span> <span class='ocrx_word' id='word_1_238' title='bbox 308 1999 380 2044; x_wconf 81' lang='lat' dir='ltr'>coriis</span> <span class='ocrx_word' id='word_1_239' title='bbox 391 1998 475 2056; x_wconf 70' lang='lat' dir='ltr'>linquis</span> <span class='ocrx_word' id='word_1_240' title='bbox 481 2029 489 2054; x_wconf 93' lang='lat'><strong><em>,</em></strong></span> <span class='ocrx_word' id='word_1_241' title='bbox 500 1999 613 2057; x_wconf 77' lang='lat' dir='ltr'>quemodo</span> <span class='ocrx_word' id='word_1_242' title='bbox 621 1999 672 2058; x_wconf 81' lang='lat' dir='ltr'>spt-</span> <span class='ocrx_word' id='word_1_243' title='bbox 695 2004 761 2048; x_wconf 81' lang='lat' dir='ltr'>Jeens</span> <span class='ocrx_word' id='word_1_244' title='bbox 767 2033 775 2058; x_wconf 93' lang='lat'><strong><em>,</em></strong></span> <span class='ocrx_word' id='word_1_245' title='bbox 787 2004 808 2048; x_wconf 91' lang='lat' dir='ltr'>ct</span> <span class='ocrx_word' id='word_1_246' title='bbox 818 2003 919 2048; x_wconf 84' lang='lat' dir='ltr'>videntes</span> <span class='ocrx_word' id='word_1_247' title='bbox 930 2015 981 2047; x_wconf 83' lang='lat' dir='ltr'>carn</span> <span class='ocrx_word' id='word_1_248' title='bbox 991 2001 1164 2046; x_wconf 72' lang='lat' dir='ltr'>adoraberunt.-</span> <span class='ocrx_word' id='word_1_249' title='bbox 1174 2001 1226 2060; x_wconf 80' lang='lat' dir='ltr'>qni·</span> 
     </span>
    </p>
   </div>
   <div class='ocr_carea' id='block_1_5' title="bbox 143 2067 1299 2127">
    <p class='ocr_par' dir='ltr' id='par_1_6' title="bbox 143 2067 1299 2127">
     <span class='ocr_line' id='line_1_25' title="bbox 143 2067 1299 2127; baseline 0.001 -15"><span class='ocrx_word' id='word_1_250' title='bbox 143 2068 203 2113; x_wconf 78' lang='lat' dir='ltr'>ritns</span> <span class='ocrx_word' id='word_1_251' title='bbox 211 2069 304 2114; x_wconf 84' lang='lat' dir='ltr'>sanctus</span> <span class='ocrx_word' id='word_1_252' title='bbox 311 2067 382 2113; x_wconf 77' lang='lat' dir='ltr'>debet</span> <span class='ocrx_word' id='word_1_253' title='bbox 392 2067 467 2127; x_wconf 82' lang='lat' dir='ltr'>eloqui</span> <span class='ocrx_word' id='word_1_254' title='bbox 474 2068 529 2114; x_wconf 79' lang='lat' dir='ltr'>iltis.</span> <span class='ocrx_word' id='word_1_255' title='bbox 695 2072 833 2117; x_wconf 83' lang='lat' dir='ltr'>domantem</span> <span class='ocrx_word' id='word_1_256' title='bbox 842 2067 1111 2126; x_wconf 81' lang='lat' dir='ltr'>dubitaveruntQuibus</span> <span class='ocrx_word' id='word_1_257' title='bbox 1122 2067 1225 2115; x_wconf 91' lang='lat' dir='ltr'>docendi</span> <span class='ocrx_word' id='word_1_258' title='bbox 1294 2092 1299 2106; x_wconf 65' lang='grc' dir='ltr'><em>ι</em></span> 
     </span>
    </p>
   </div>
   <div class='ocr_carea' id='block_1_6' title="bbox 142 2135 1225 3086">
    <p class='ocr_par' dir='ltr' id='par_1_7' title="bbox 142 2135 1225 2609">
     <span class='ocr_line' id='line_1_26' title="bbox 174 2135 1225 2198; baseline 0.002 -17"><span class='ocrx_word' id='word_1_259' title='bbox 174 2135 227 2182; x_wconf 87' lang='lat' dir='ltr'>l8l.</span> <span class='ocrx_word' id='word_1_260' title='bbox 239 2135 375 2182; x_wconf 85' lang='lat' dir='ltr'>Diversitas</span> <span class='ocrx_word' id='word_1_261' title='bbox 389 2135 471 2183; x_wconf 88' lang='lat' dir='ltr'>autem</span> <span class='ocrx_word' id='word_1_262' title='bbox 482 2135 603 2184; x_wconf 88' lang='lat' dir='ltr'>visionum</span> <span class='ocrx_word' id='word_1_263' title='bbox 622 2135 672 2185; x_wconf 84' lang='lat' dir='ltr'>fre·</span> <span class='ocrx_word' id='word_1_264' title='bbox 696 2139 721 2186; x_wconf 87' lang='lat' dir='ltr'>ct</span> <span class='ocrx_word' id='word_1_265' title='bbox 731 2137 870 2198; x_wconf 86' lang='lat' dir='ltr'>baptizandi</span> <span class='ocrx_word' id='word_1_266' title='bbox 881 2137 969 2184; x_wconf 85' lang='lat' dir='ltr'>tribuit</span> <span class='ocrx_word' id='word_1_267' title='bbox 979 2137 1133 2197; x_wconf 88' lang='lat' dir='ltr'>potestatem.</span> <span class='ocrx_word' id='word_1_268' title='bbox 1145 2137 1225 2183; x_wconf 89' lang='lat' dir='ltr'>Unde·</span> 
     </span>
     <span class='ocr_line' id='line_1_27' title="bbox 143 2202 1225 2267; baseline 0.004 -19"><span class='ocrx_word' id='word_1_269' title='bbox 143 2203 270 2262; x_wconf 74' lang='lat' dir='ltr'>pueritiam</span> <span class='ocrx_word' id='word_1_270' title='bbox 281 2202 452 2250; x_wconf 85' lang='lat' dir='ltr'>tamulantium</span> <span class='ocrx_word' id='word_1_271' title='bbox 463 2203 582 2264; x_wconf 76' lang='lat' dir='ltr'>significat</span> <span class='ocrx_word' id='word_1_272' title='bbox 593 2204 672 2262; x_wconf 75' lang='lat' dir='ltr'>lnge-</span> <span class='ocrx_word' id='word_1_273' title='bbox 695 2208 742 2255; x_wconf 89' lang='lat' dir='ltr'>cim</span> <span class='ocrx_word' id='word_1_274' title='bbox 756 2219 853 2267; x_wconf 82' lang='lat' dir='ltr'>quoque</span> <span class='ocrx_word' id='word_1_275' title='bbox 869 2205 1080 2253; x_wconf 83' lang='lat' dir='ltr'>discumbentibus</span> <span class='ocrx_word' id='word_1_276' title='bbox 1096 2203 1225 2263; x_wconf 75' lang='lat' dir='ltr'>discipulis</span> 
     </span>
     <span class='ocr_line' id='line_1_28' title="bbox 143 2268 1225 2335; baseline 0.005 -20"><span class='ocrx_word' id='word_1_277' title='bbox 143 2270 222 2317; x_wconf 94' lang='lat' dir='ltr'>lorum</span> <span class='ocrx_word' id='word_1_278' title='bbox 231 2268 320 2333; x_wconf 70' lang='lat' dir='ltr'>(nl),</span> <span class='ocrx_word' id='word_1_279' title='bbox 331 2271 401 2330; x_wconf 81' lang='lat' dir='ltr'>juxta</span> <span class='ocrx_word' id='word_1_280' title='bbox 412 2272 478 2332; x_wconf 87' lang='lat' dir='ltr'>quod</span> <span class='ocrx_word' id='word_1_281' title='bbox 491 2273 610 2320; x_wconf 87' lang='lat' dir='ltr'>Dominus</span> <span class='ocrx_word' id='word_1_282' title='bbox 618 2273 670 2333; x_wconf 88' lang='lat' dir='ltr'>ipse</span> <span class='ocrx_word' id='word_1_283' title='bbox 695 2277 721 2324; x_wconf 87' lang='lat' dir='ltr'>et</span> <span class='ocrx_word' id='word_1_284' title='bbox 737 2277 831 2324; x_wconf 88' lang='lat' dir='ltr'>lllarcus</span> <span class='ocrx_word' id='word_1_285' title='bbox 853 2275 880 2322; x_wconf 91' lang='lat' dir='ltr'>in</span> <span class='ocrx_word' id='word_1_286' title='bbox 897 2275 946 2322; x_wconf 87' lang='lat' dir='ltr'>tine</span> <span class='ocrx_word' id='word_1_287' title='bbox 965 2274 1106 2335; x_wconf 82' lang='lat' dir='ltr'>apparuisse</span> <span class='ocrx_word' id='word_1_288' title='bbox 1125 2274 1225 2332; x_wconf 89' lang='lat' dir='ltr'>scribit,</span> 
     </span>
     <span class='ocr_line' id='line_1_29' title="bbox 142 2339 1225 2405; baseline 0.002 -20"><span class='ocrx_word' id='word_1_289' title='bbox 142 2340 287 2398; x_wconf 83' lang='lat' dir='ltr'>promiserat</span> <span class='ocrx_word' id='word_1_290' title='bbox 305 2342 558 2391; x_wconf 78' lang='lat' dir='ltr'>dicensrlltvidebitis</span> <span class='ocrx_word' id='word_1_291' title='bbox 572 2345 671 2403; x_wconf 76' lang='lat' dir='ltr'>Anpctos</span> <span class='ocrx_word' id='word_1_292' title='bbox 694 2345 790 2405; x_wconf 88' lang='lat' dir='ltr'>quando</span> <span class='ocrx_word' id='word_1_293' title='bbox 811 2343 926 2391; x_wconf 84' lang='lat' dir='ltr'>similiter</span> <span class='ocrx_word' id='word_1_294' title='bbox 949 2342 1099 2403; x_wconf 70' lang='lat' dir='ltr'>praedicandi</span> <span class='ocrx_word' id='word_1_295' title='bbox 1120 2339 1159 2389; x_wconf 90' lang='lat' dir='ltr'>his</span> <span class='ocrx_word' id='word_1_296' title='bbox 1179 2353 1225 2400; x_wconf 89' lang='lat' dir='ltr'>per</span> 
     </span>
     <span class='ocr_line' id='line_1_30' title="bbox 142 2410 1100 2461; baseline -0.001 -6"><span class='ocrx_word' id='word_1_297' title='bbox 142 2411 298 2458; x_wconf 80' lang='lat' dir='ltr'>descendentes</span> <span class='ocrx_word' id='word_1_298' title='bbox 318 2414 339 2458; x_wconf 89' lang='lat' dir='ltr'>ct</span> <span class='ocrx_word' id='word_1_299' title='bbox 359 2413 520 2460; x_wconf 82' lang='lat' dir='ltr'>adscendentes</span> <span class='ocrx_word' id='word_1_300' title='bbox 535 2413 566 2458; x_wconf 86' lang='lat' dir='ltr'>ad</span> <span class='ocrx_word' id='word_1_301' title='bbox 584 2413 671 2459; x_wconf 81' lang='lat' dir='ltr'>Filium</span> <span class='ocrx_word' id='word_1_302' title='bbox 694 2412 866 2461; x_wconf 83' lang='lat' dir='ltr'>totrmrurbem</span> <span class='ocrx_word' id='word_1_303' title='bbox 877 2410 1100 2457; x_wconf 86' lang='lat' dir='ltr'>mandatolfieium.</span> 
     </span>
     <span class='ocr_line' id='line_1_31' title="bbox 142 2476 1223 2539; baseline -0.001 -17"><span class='ocrx_word' id='word_1_304' title='bbox 142 2478 252 2525; x_wconf 73' lang='lat' dir='ltr'>bominis·</span> <span class='ocrx_word' id='word_1_305' title='bbox 263 2479 341 2539; x_wconf 81' lang='lat' dir='ltr'>Atque</span> <span class='ocrx_word' id='word_1_306' title='bbox 358 2480 453 2526; x_wconf 89' lang='lat' dir='ltr'>utinam</span> <span class='ocrx_word' id='word_1_307' title='bbox 470 2492 525 2526; x_wconf 90' lang='lat' dir='ltr'>cum</span> <span class='ocrx_word' id='word_1_308' title='bbox 545 2480 670 2538; x_wconf 75' lang='lat' dir='ltr'>Evangelii</span> <span class='ocrx_word' id='word_1_309' title='bbox 725 2476 1223 2535; x_wconf 64' lang='lat' dir='ltr'>{mundehocconvementtusarbnror,</span> 
     </span>
     <span class='ocr_line' id='line_1_32' title="bbox 142 2545 1224 2609; baseline 0 -18"><span class='ocrx_word' id='word_1_310' title='bbox 142 2545 190 2592; x_wconf 87' lang='lat' dir='ltr'>tine</span> <span class='ocrx_word' id='word_1_311' title='bbox 200 2547 283 2593; x_wconf 89' lang='lat' dir='ltr'>noster</span> <span class='ocrx_word' id='word_1_312' title='bbox 294 2559 391 2606; x_wconf 89' lang='lat' dir='ltr'>quoque</span> <span class='ocrx_word' id='word_1_313' title='bbox 402 2559 487 2593; x_wconf 86' lang='lat' dir='ltr'>sermo</span> <span class='ocrx_word' id='word_1_314' title='bbox 504 2548 639 2594; x_wconf 86' lang='lat' dir='ltr'>claudatur.</span> <span class='ocrx_word' id='word_1_315' title='bbox 694 2549 759 2609; x_wconf 90' lang='lat' dir='ltr'>quod</span> <span class='ocrx_word' id='word_1_316' title='bbox 769 2548 887 2595; x_wconf 88' lang='lat' dir='ltr'>Dominus</span> <span class='ocrx_word' id='word_1_317' title='bbox 896 2546 996 2605; x_wconf 86' lang='lat' dir='ltr'>quidem</span> <span class='ocrx_word' id='word_1_318' title='bbox 1006 2545 1159 2592; x_wconf 88' lang='lat' dir='ltr'>mandaverit</span> <span class='ocrx_word' id='word_1_319' title='bbox 1174 2546 1224 2592; x_wconf 90' lang='lat' dir='ltr'>dis-</span> 
     </span>
    </p>

    <p class='ocr_par' dir='ltr' id='par_1_8' title="bbox 142 2612 1224 3086">
     <span class='ocr_line' id='line_1_33' title="bbox 174 2612 1224 2674; baseline 0.002 -17"><span class='ocrx_word' id='word_1_320' title='bbox 174 2613 227 2659; x_wconf 74' lang='lat'>482.</span> <span class='ocrx_word' id='word_1_321' title='bbox 249 2613 297 2659; x_wconf 88' lang='lat' dir='ltr'>Cur</span> <span class='ocrx_word' id='word_1_322' title='bbox 322 2614 458 2660; x_wconf 87' lang='lat' dir='ltr'>secundum</span> <span class='ocrx_word' id='word_1_323' title='bbox 482 2615 621 2661; x_wconf 84' lang='lat' dir='ltr'>blatthaeum</span> <span class='ocrx_word' id='word_1_324' title='bbox 647 2615 672 2661; x_wconf 87' lang='lat' dir='ltr'>et</span> <span class='ocrx_word' id='word_1_325' title='bbox 696 2616 784 2674; x_wconf 91' lang='lat' dir='ltr'>cipulis</span> <span class='ocrx_word' id='word_1_326' title='bbox 793 2617 820 2661; x_wconf 91' lang='lat' dir='ltr'>ut</span> <span class='ocrx_word' id='word_1_327' title='bbox 838 2615 865 2659; x_wconf 93' lang='lat' dir='ltr'>in</span> <span class='ocrx_word' id='word_1_328' title='bbox 876 2615 975 2661; x_wconf 86' lang='lat' dir='ltr'>Galilaea</span> <span class='ocrx_word' id='word_1_329' title='bbox 993 2627 1019 2660; x_wconf 88' lang='lat' dir='ltr'>sc</span> <span class='ocrx_word' id='word_1_330' title='bbox 1035 2612 1224 2659; x_wconf 79' lang='lat' dir='ltr'>viderentrsed</span> 
     </span>
     <span class='ocr_line' id='line_1_34' title="bbox 142 2679 1224 2741; baseline 0 -15"><span class='ocrx_word' id='word_1_331' title='bbox 142 2681 250 2728; x_wconf 90' lang='lat' dir='ltr'>blarcum</span> <span class='ocrx_word' id='word_1_332' title='bbox 267 2682 367 2727; x_wconf 86' lang='lat' dir='ltr'>mandat</span> <span class='ocrx_word' id='word_1_333' title='bbox 382 2681 526 2741; x_wconf 87' lang='lat' dir='ltr'>discipulis:</span> <span class='ocrx_word' id='word_1_334' title='bbox 538 2685 672 2731; x_wconf 85' lang='lat' dir='ltr'>Proecedom</span> <span class='ocrx_word' id='word_1_335' title='bbox 696 2683 745 2731; x_wconf 91' lang='lat' dir='ltr'>illis</span> <span class='ocrx_word' id='word_1_336' title='bbox 756 2683 825 2729; x_wconf 88' lang='lat' dir='ltr'>metu</span> <span class='ocrx_word' id='word_1_337' title='bbox 836 2681 899 2728; x_wconf 85' lang='lat' dir='ltr'>intra</span> <span class='ocrx_word' id='word_1_338' title='bbox 912 2681 1028 2727; x_wconf 88' lang='lat' dir='ltr'>conclave</span> <span class='ocrx_word' id='word_1_339' title='bbox 1044 2679 1224 2740; x_wconf 89' lang='lat' dir='ltr'>residentibus,</span> 
     </span>
     <span class='ocr_line' id='line_1_35' title="bbox 143 2747 1224 2814; baseline -0.004 -17"><span class='ocrx_word' id='word_1_340' title='bbox 143 2763 184 2798; x_wconf 82' lang='lat' dir='ltr'>nor</span> <span class='ocrx_word' id='word_1_341' title='bbox 192 2752 216 2796; x_wconf 89' lang='lat' dir='ltr'>in</span> <span class='ocrx_word' id='word_1_342' title='bbox 225 2752 348 2799; x_wconf 83' lang='lat' dir='ltr'>Gelitoeorn</span> <span class='ocrx_word' id='word_1_343' title='bbox 354 2784 363 2810; x_wconf 90' lang='lat'><em>,</em></span> <span class='ocrx_word' id='word_1_344' title='bbox 371 2751 446 2798; x_wconf 73' lang='lat' dir='ltr'>ibisne</span> <span class='ocrx_word' id='word_1_345' title='bbox 454 2751 558 2799; x_wconf 81' lang='lat' dir='ltr'>videbitis</span> <span class='ocrx_word' id='word_1_346' title='bbox 568 2764 574 2796; x_wconf 75' lang='grc' dir='ltr'><em>τ</em></span> <span class='ocrx_word' id='word_1_347' title='bbox 586 2765 671 2800; x_wconf 88' lang='lat' dir='ltr'>secun·</span> <span class='ocrx_word' id='word_1_348' title='bbox 694 2753 772 2814; x_wconf 91' lang='lat' dir='ltr'>primo</span> <span class='ocrx_word' id='word_1_349' title='bbox 788 2765 814 2799; x_wconf 89' lang='lat' dir='ltr'>se</span> <span class='ocrx_word' id='word_1_350' title='bbox 824 2751 955 2810; x_wconf 89' lang='lat' dir='ltr'>obtulisse,</span> <span class='ocrx_word' id='word_1_351' title='bbox 971 2751 1056 2810; x_wconf 89' lang='lat' dir='ltr'>postea</span> <span class='ocrx_word' id='word_1_352' title='bbox 1066 2760 1125 2797; x_wconf 84' lang='lat' dir='ltr'>vero</span> <span class='ocrx_word' id='word_1_353' title='bbox 1136 2747 1224 2794; x_wconf 88' lang='lat' dir='ltr'>contir-</span> 
     </span>
     <span class='ocr_line' id='line_1_36' title="bbox 142 2815 1223 2877; baseline -0.002 -13"><span class='ocrx_word' id='word_1_354' title='bbox 142 2818 202 2865; x_wconf 87' lang='lat' dir='ltr'>dum</span> <span class='ocrx_word' id='word_1_355' title='bbox 222 2820 312 2866; x_wconf 89' lang='lat' dir='ltr'>Lucam</span> <span class='ocrx_word' id='word_1_356' title='bbox 329 2831 389 2868; x_wconf 87' lang='lat' dir='ltr'>vero</span> <span class='ocrx_word' id='word_1_357' title='bbox 403 2820 429 2867; x_wconf 90' lang='lat' dir='ltr'>et</span> <span class='ocrx_word' id='word_1_358' title='bbox 443 2819 578 2867; x_wconf 80' lang='lat' dir='ltr'>iohannem</span> <span class='ocrx_word' id='word_1_359' title='bbox 597 2821 670 2868; x_wconf 88' lang='lat' dir='ltr'>etiam</span> <span class='ocrx_word' id='word_1_360' title='bbox 695 2821 766 2868; x_wconf 85' lang='lat' dir='ltr'>matis</span> <span class='ocrx_word' id='word_1_361' title='bbox 783 2820 887 2877; x_wconf 89' lang='lat' dir='ltr'>animis,</span> <span class='ocrx_word' id='word_1_362' title='bbox 905 2818 1021 2866; x_wconf 91' lang='lat' dir='ltr'>undecim</span> <span class='ocrx_word' id='word_1_363' title='bbox 1031 2817 1086 2864; x_wconf 92' lang='lat' dir='ltr'>illos</span> <span class='ocrx_word' id='word_1_364' title='bbox 1096 2815 1223 2863; x_wconf 84' lang='lat' dir='ltr'>Galilaeam</span> 
     </span>
     <span class='ocr_line' id='line_1_37' title="bbox 143 2880 1223 2950; baseline 0.001 -19"><span class='ocrx_word' id='word_1_365' title='bbox 143 2886 208 2933; x_wconf 85' lang='lat' dir='ltr'>intra</span> <span class='ocrx_word' id='word_1_366' title='bbox 235 2887 350 2935; x_wconf 86' lang='lat' dir='ltr'>conclave</span> <span class='ocrx_word' id='word_1_367' title='bbox 373 2887 463 2935; x_wconf 88' lang='lat' dir='ltr'>obtulit</span> <span class='ocrx_word' id='word_1_368' title='bbox 487 2899 514 2935; x_wconf 87' lang='lat' dir='ltr'>se</span> <span class='ocrx_word' id='word_1_369' title='bbox 536 2888 670 2937; x_wconf 88' lang='lat' dir='ltr'>videndum</span> <span class='ocrx_word' id='word_1_370' title='bbox 694 2890 793 2950; x_wconf 86' lang='lat' dir='ltr'>petisse.</span> <span class='ocrx_word' id='word_1_371' title='bbox 805 2888 851 2935; x_wconf 87' lang='lat' dir='ltr'>Vel</span> <span class='ocrx_word' id='word_1_372' title='bbox 860 2885 1001 2947; x_wconf 89' lang='lat' dir='ltr'>certe(boc</span> <span class='ocrx_word' id='word_1_373' title='bbox 1012 2897 1108 2946; x_wconf 87' lang='lat' dir='ltr'>quoqne</span> <span class='ocrx_word' id='word_1_374' title='bbox 1117 2880 1223 2944; x_wconf 78' lang='lat' dir='ltr'>diligeb-</span> 
     </span>
     <span class='ocr_line' id='line_1_38' title="bbox 143 2947 1221 3018; baseline -0.002 -17"><span class='ocrx_word' id='word_1_375' title='bbox 143 2953 153 3014; x_wconf 78' lang='lat' dir='ltr'>t</span> <span class='ocrx_word' id='word_1_376' title='bbox 164 2968 188 3002; x_wconf 89' lang='lat' dir='ltr'>v.</span> <span class='ocrx_word' id='word_1_377' title='bbox 198 2954 228 3002; x_wconf 82' lang='lat'>56</span> <span class='ocrx_word' id='word_1_378' title='bbox 240 2953 265 3018; x_wconf 72' lang='lat' dir='ltr'>li</span> <span class='ocrx_word' id='word_1_379' title='bbox 275 2956 305 3002; x_wconf 86' lang='lat' dir='ltr'>Et</span> <span class='ocrx_word' id='word_1_380' title='bbox 315 2955 414 3016; x_wconf 89' lang='lat' dir='ltr'>quidem</span> <span class='ocrx_word' id='word_1_381' title='bbox 425 2956 490 3017; x_wconf 86' lang='lat' dir='ltr'>quod</span> <span class='ocrx_word' id='word_1_382' title='bbox 500 2969 525 3004; x_wconf 85' lang='lat' dir='ltr'>se</span> <span class='ocrx_word' id='word_1_383' title='bbox 536 2957 670 3005; x_wconf 86' lang='lat' dir='ltr'>videndum</span> <span class='ocrx_word' id='word_1_384' title='bbox 694 2959 759 3006; x_wconf 91' lang='lat' dir='ltr'>tibus</span> <span class='ocrx_word' id='word_1_385' title='bbox 777 2947 936 3016; x_wconf 79' lang='lat' dir='ltr'>scriptoribus</span> <span class='ocrx_word' id='word_1_386' title='bbox 963 2956 1085 3016; x_wconf 84' lang='lat' dir='ltr'>placuisse</span> <span class='ocrx_word' id='word_1_387' title='bbox 1106 2952 1221 3014; x_wconf 89' lang='lat' dir='ltr'>reperio)</span> 
     </span>
     <span class='ocr_line' id='line_1_39' title="bbox 142 3020 1222 3086; baseline -0.001 -17"><span class='ocrx_word' id='word_1_388' title='bbox 142 3023 420 3085; x_wconf 84' lang='lat' dir='ltr'>trequenterobtulerit,</span> <span class='ocrx_word' id='word_1_389' title='bbox 429 3026 589 3086; x_wconf 87' lang='lat' dir='ltr'>etplusquam</span> <span class='ocrx_word' id='word_1_390' title='bbox 597 3029 671 3086; x_wconf 88' lang='lat' dir='ltr'>quin·</span> <span class='ocrx_word' id='word_1_391' title='bbox 693 3026 757 3073; x_wconf 90' lang='lat' dir='ltr'>nihil</span> <span class='ocrx_word' id='word_1_392' title='bbox 768 3024 848 3073; x_wconf 90' lang='lat' dir='ltr'>obstat</span> <span class='ocrx_word' id='word_1_393' title='bbox 865 3024 885 3072; x_wconf 89' lang='lat' dir='ltr'>si</span> <span class='ocrx_word' id='word_1_394' title='bbox 896 3024 1006 3071; x_wconf 90' lang='lat' dir='ltr'>dicamus</span> <span class='ocrx_word' id='word_1_395' title='bbox 1016 3022 1143 3083; x_wconf 87' lang='lat' dir='ltr'>pauciores</span> <span class='ocrx_word' id='word_1_396' title='bbox 1159 3020 1222 3068; x_wconf 81' lang='lat' dir='ltr'>intra</span> 
     </span>
    </p>
   </div>
   <div class='ocr_carea' id='block_1_7' title="bbox 142 3090 1267 3156">
    <p class='ocr_par' dir='ltr' id='par_1_9' title="bbox 142 3090 1267 3156">
     <span class='ocr_line' id='line_1_40' title="bbox 142 3090 1267 3156; baseline -0.002 -18"><span class='ocrx_word' id='word_1_397' title='bbox 142 3093 221 3150; x_wconf 69' lang='lat' dir='ltr'>gentis</span> <span class='ocrx_word' id='word_1_398' title='bbox 236 3091 365 3154; x_wconf 84' lang='lat' dir='ltr'>fratribus,</span> <span class='ocrx_word' id='word_1_399' title='bbox 382 3094 407 3142; x_wconf 90' lang='lat' dir='ltr'>et</span> <span class='ocrx_word' id='word_1_400' title='bbox 421 3095 506 3155; x_wconf 80' lang='lat' dir='ltr'>Petro,</span> <span class='ocrx_word' id='word_1_401' title='bbox 522 3095 548 3143; x_wconf 86' lang='lat' dir='ltr'>ct</span> <span class='ocrx_word' id='word_1_402' title='bbox 568 3095 669 3156; x_wconf 82' lang='lat' dir='ltr'>iacebo,</span> <span class='ocrx_word' id='word_1_403' title='bbox 695 3096 822 3153; x_wconf 85' lang='lat' dir='ltr'>conclave,</span> <span class='ocrx_word' id='word_1_404' title='bbox 832 3094 858 3140; x_wconf 87' lang='lat' dir='ltr'>in</span> <span class='ocrx_word' id='word_1_405' title='bbox 868 3093 950 3140; x_wconf 89' lang='lat' dir='ltr'>monte</span> <span class='ocrx_word' id='word_1_406' title='bbox 962 3090 1191 3151; x_wconf 86' lang='lat' dir='ltr'>compluresluisse.</span> <span class='ocrx_word' id='word_1_407' title='bbox 1252 3120 1267 3143; x_wconf 71' lang='lat'>,-</span> 
     </span>
    </p>
   </div>
   <div class='ocr_carea' id='block_1_8' title="bbox 0 0 1380 4814">
    <p class='ocr_par' dir='ltr' id='par_1_10' title="bbox 0 0 1380 4814">
     <span class='ocr_line' id='line_1_41' title="bbox 0 0 1380 4814; baseline 0 1"><span class='ocrx_word' id='word_1_408' title='bbox 0 0 1380 4814; x_wconf 95' lang='lat' dir='ltr'> </span> 
     </span>
    </p>
   </div>
  </div>
 </body>
</html>
