2752 4814
216 390 246 440 48
345 430 352 439 ,
608 397 727 442 sartori
746 397 907 443 AMBROSil

217 489 264 535 Cap.
274 486 312 532 io.
321 497 340 523 s.
351 487 368 524 5.
378 485 431 526 Ecce
441 495 480 535 epo
493 486 555 526 milio
568 497 604 527 ros
614 489 668 527 sicin
680 499 744 537 agnos
768 480 874 540 audent,
883 490 994 527 sollllllllii
1002 489 1104 539 callum,
1112 477 1248 527 absentiam
1258 479 1303 528 alli

407 541 465 578 inter
479 541 547 590 ¹¹¹ll⁰⁸·
680 546 682 550 ’
768 546 886 593 desidiam
912 547 1303 607 astorisexplorantmviumput-

250 615 289 666 oo.
307 619 344 666 sd
357 619 510 680 septuaginta
524 619 656 679 discipulos
669 618 742 680 dicit,
769 614 810 661 tur
820 560 952 673 invadam
962 615 990 662 ut
1000 614 1049 662 sito
1059 615 1211 675 strangulent
1223 629 1230 662 z
1241 615 1302 673 ieri,

214 683 259 732 hos
269 699 330 746 quos
338 686 486 748 designavit,
496 689 522 734 et
531 687 598 734 misit
606 686 676 735 binos
686 690 742 735 ante
768 695 881 744 rapaces,
896 683 1020 743 iidemque
1035 685 1124 731 natura
1139 684 1248 743 eorporis
1264 686 1302 732 ri-

214 752 387 802 laciomsuam.
395 755 578 816 Eiquaratione
586 754 743 804 binosmisit?
767 754 888 814 gidiores3
897 755 925 801 ut
933 766 959 802 so
970 753 1042 801 iaoile
1050 765 1099 801 non
1110 753 1203 813 possint
1214 753 1302 802 inflec-

213 820 275 878 Quia
283 822 341 870 bina
349 824 422 871 missa
430 825 488 872 sunt
495 823 609 870 animalia
617 823 643 870 in
651 835 741 891 aream,
767 822 836 879 tere,
848 821 944 881 impetu
959 821 1063 880 quodam
1077 832 1121 868 suo
1133 819 1261 880 seruntur,
1274 824 1300 868 et

214 889 261 938 hoo
275 891 328 951 est,
340 904 396 940 eum
412 905 479 940 mare
490 892 601 940 lomina:
616 892 742 940 immunda
767 890 823 937 ideo
839 903 904 950 saepe
915 888 1044 938 luduntur.
1060 891 1122 936 lum
1137 889 1257 949 praterea
1277 891 1299 936 si

213 970 259 1016 per
269 971 398 1008 numerum
407 959 430 1018 ¹,
441 959 485 1008 sed
495 960 614 1009 mundata
628 960 742 1008 Ecclesiae
766 971 840 1018 quem
848 961 941 1020 priores
949 959 1074 1008 hominem
1083 959 1202 1018 viderint,
1211 970 1299 1006 vocem

213 1030 372 1076 sacramento.
387 1029 458 1087 Quod
473 1029 623 1089 completum
635 1028 672 1077 est
687 1041 743 1076 ora·
767 1025 821 1084 ejus
839 1027 944 1087 quadam
960 1028 1056 1074 naturae
1075 1024 1189 1074 teruntur
1204 1026 1231 1073 vl
1247 1027 1301 1072 eri-

213 1095 269 1142 culo
287 1097 352 1157 quod
368 1098 465 1145 sancius
481 1097 568 1144 Petrus
584 1096 691 1157 aceepit,
703 1096 742 1143 di·
767 1107 826 1154 pere
837 1109 844 1141 τ
856 1097 876 1142 si
887 1097 969 1144 autem
981 1098 1054 1144 homo
1064 1095 1133 1156 prius
1143 1107 1185 1161 eos
1195 1095 1299 1155 viderit,

213 1165 283 1213 ceute
301 1166 349 1213 sibi
366 1166 460 1227 Spiritu
475 1166 560 1214 sancto
576 1178 583 1212 ε
601 1167 666 1227 Quod
679 1169 742 1213 Deus
767 1163 886 1224 exagitari
901 1166 1078 1213 memorantur.
1094 1165 1123 1212 ut
1134 1162 1191 1212 ideo
1206 1171 1299 1212 caven-

211 1235 344 1292 mundooit,
364 1238 390 1283 tu
409 1248 438 1284 ne
459 1249 580 1283 commuue
600 1233 696 1282 dianio.
713 1235 742 1280 lit
767 1233 825 1279 dum
836 1232 896 1293 mihi
908 1235 945 1281 esi
952 1246 984 1281 ne
994 1233 1015 1280 si
1027 1234 1053 1280 in
1062 1231 1180 1281 hodierno
1190 1232 1299 1281 metatu

212 1301 318 1351 advertit
328 1300 423 1367 dictum
434 1317 487 1352 esse
503 1304 533 1351 de
550 1303 676 1363 gentihus,
687 1316 742 1364 quae
767 1301 914 1360 spiritalium
926 1301 1098 1362 mysteriorum
1108 1301 1185 1362 gratia
1195 1313 1245 1348 uon
1255 1315 1299 1361 po-

213 1382 334 1429 eorporeae
347 1374 424 1432 magis
434 1372 599 1433 generationis
609 1373 742 1420 successio-
766 1370 843 1417 tuerit
853 1369 989 1431 refulgere,
1005 1369 1057 1430 lupi
1069 1382 1109 1417 me
1123 1369 1192 1430 prius
1204 1369 1297 1418 vidisse

212 1450 269 1484 riom
284 1453 358 1499 quam
373 1441 491 1502 spiritalis
505 1441 589 1502 gratiae
605 1440 742 1500 sequebar·
767 1439 911 1498 credantur,
922 1440 949 1486 et
963 1439 1071 1488 solemne
1083 1439 1151 1488 voels
1161 1439 1296 1487 extorsisse

211 1507 742 1571 tur.llosmundavitltominus,etpassiouis
766 1508 916 1568 suffragium.

212 1588 264 1623 sure
274 1576 335 1625 leoli
345 1578 467 1627 haeredes.
795 1575 835 1623 lo.
849 1573 933 1626 Nonne
947 1576 1015 1638 lupis
1029 1577 1083 1626 istis
1100 1575 1212 1627 haretici
1228 1590 1297 1626 oom-

240 1641 280 1691 tb.
298 1646 396 1696 blitiens
415 1660 472 1708 ergo
487 1647 620 1708 discipulos
635 1646 662 1696 in
676 1659 741 1695 mes·
766 1645 867 1706 parandi
880 1646 950 1707 sunt,
965 1646 1008 1708 qui
1025 1647 1173 1695 insidiantur
1186 1645 1296 1694 ovilibus

212 1725 264 1760 sem
274 1729 356 1776 suam,
369 1713 425 1778 quaa
434 1718 495 1766 licet
504 1719 580 1767 verbo
590 1716 637 1764 Dei
649 1714 740 1775 insita,
765 1708 869 1774 Christi,
880 1714 989 1762 fremunt
999 1715 1064 1762 eirca
1079 1710 1160 1762 caulas
1172 1713 1297 1760 noetumo

211 1784 295 1832 tamen
311 1786 412 1836 culturas
427 1787 551 1848 laborem,
567 1786 593 1835 et
608 1786 741 1834 sollicitum
765 1785 843 1843 maris
860 1784 971 1844 tempore
988 1796 1061 1845 quam
1078 1778 1297 1842 diurnotSemper

211 1863 299 1901 munus
318 1854 426 1916 operarii
450 1856 609 1916 requirebat;
630 1866 662 1903 ne
683 1867 741 1902 aves
767 1848 1295 1914 enimperfidisuoxest‚quiluoemChristi

209 1921 266 1969 ooeli
274 1935 355 1982 sparsa
363 1924 456 1972 semina
464 1923 619 1986 dissiparent,
627 1922 741 1971 itatllcoe
766 1933 836 1969 saevae
860 1922 959 1970 nebulis
985 1920 1192 1981 interpretationis
1213 1920 1297 1967 obdu·

210 2004 251 2052 coo
259 1995 325 2041 mitto
332 1996 440 2042 vossioul
450 2007 523 2055 aanor
533 1995 594 2042 inter
605 1994 679 2054 lupos.
766 2003 837 2050 cero,
850 1991 876 2039 et
885 1993 1004 2052 quantum
1019 1993 1046 2039 in
1062 1990 1121 2051 ipsis
1131 1990 1168 2037 est
1178 1989 1276 2037 fuscare
1286 2022 1295 2049 ‚

239 2058 279 2108 1⁸6.
291 2062 414 2111 Contraria
425 2064 482 2111 sunt
496 2063 542 2111 ista
552 2062 600 2109 sibi
611 2061 739 2121 animalia,
765 2058 892 2106 conantur.
904 2061 1037 2108 Versantur
1047 2072 1105 2120 erpo
1119 2059 1183 2108 cirea
1193 2060 1294 2117 caulas,

211 2130 239 2176 ut
255 2128 303 2174 alia
318 2129 349 2176 ab
359 2130 415 2178 aliis
432 2130 589 2178 devorentur.
601 2129 649 2177 Sed
663 2130 741 2176 bonus
765 2128 860 2176 stabula
872 2131 956 2178 tamen
970 2130 1060 2177 Christi
1073 2129 1165 2177 intrare
1179 2137 1231 2175 non
1249 2140 1295 2176 au·

211 2198 292 2255 pastor
300 2197 371 2256 lupos
378 2197 445 2258 gregi
453 2211 496 2246 suo
505 2198 593 2246 timere
601 2210 648 2245 non
656 2195 739 2246 novit:
765 2193 832 2243 dent.
842 2197 871 2244 Et
880 2195 936 2245 ideo
944 2209 994 2245 non
1003 2197 1131 2256 sanantur,
1142 2195 1200 2257 qnia
1208 2196 1235 2242 iu
1244 2195 1296 2242 sta-

211 2263 316 2323 ideoque
329 2265 371 2313 isti
388 2265 503 2326 discipuli
519 2277 568 2312 non
579 2264 606 2312 in
615 2265 739 2325 praedam,
764 2263 851 2314 bulum
869 2279 941 2313 suum
959 2279 1008 2315 non
1018 2267 1073 2314 vult
1086 2279 1127 2314 eos
1137 2265 1245 2314 Christus
1255 2266 1295 2312 in-

211 2331 254 2378 sed
265 2332 296 2380 ad
311 2334 414 2393 gratiam
430 2334 584 2394 diriguntur3
601 2332 739 2382 sollicitudo
764 2331 868 2395 ducere,
881 2334 966 2397 inquo
982 2337 1081 2384 curatus
1096 2335 1134 2382 est
1148 2335 1191 2382 ille
1205 2335 1249 2396 qui
1261 2335 1294 2383 do

211 2399 278 2447 esim
299 2400 357 2449 boni
375 2400 480 2463 pastoris
494 2402 584 2462 eflicit,
599 2404 627 2450 ut
642 2402 694 2462 lupi
713 2403 739 2450 in
765 2401 918 2452 Hierusalem
929 2404 1078 2454 descendeus
1088 2403 1176 2452 incidit
1186 2405 1295 2452 inlatro-

169 2522 172 2527 ,
211 2481 287 2528 agnos
300 2471 392 2520 audere
406 2469 471 2519 nihil
481 2470 583 2533 possint.
597 2471 672 2519 Mittit
682 2483 739 2531 ergo
764 2483 826 2519 nes:
840 2486 913 2533 quem
923 2475 1068 2522 vulneribus
1081 2474 1200 2533 alligatis,
1212 2473 1294 2521 iuiuso

210 2548 284 2599 agnos
291 2539 357 2588 iuter
366 2542 447 2602 lupos,
455 2542 483 2589 ut
491 2541 655 2601 compleretur
662 2540 737 2588 illud:
764 2541 819 2587 oleo
838 2541 864 2589 et
875 2542 1094 2604 vium-imponens
1110 2541 1294 2600 intumentum

212 2608 278 2656 itone
287 2611 337 2672 lupi
347 2614 369 2659 et
379 2613 436 2672 aput
444 2612 653 2673 simulposcoator.
764 2623 834 2657 suum
850 2611 1014 2660 Samafflmus
1025 2613 1068 2659 ille
1080 2611 1152 2659 duxit
1166 2612 1192 2658 in
1208 2613 1295 2658 stabo-

239 2674 279 2724 tl.
291 2679 320 2725 Et
329 2678 444 2739 quoniam
454 2678 566 2739 proxime
575 2678 606 2726 de
614 2677 686 2738 vulpe
695 2690 739 2726 no-
764 2679 825 2740 lum,
835 2682 860 2728 et
868 2685 1001 2729 sanandum
1010 2681 1141 2728 stabulario
1149 2680 1293 2741 dereliquit.

210 2743 249 2792 bis
259 2759 309 2793 non
320 2747 428 2807 ingratus
438 2748 555 2794 tractatus
566 2747 658 2804 evasit,
669 2747 690 2794 si
699 2747 739 2804 ju·
763 2748 815 2795 Non
823 2750 948 2809 accipiunt
956 2763 1012 2810 ergo
1021 2750 1180 2811 medicinam,
1188 2749 1234 2810 qui
1243 2763 1295 2796 me-

209 2812 302 2860 dieium
312 2816 420 2862 vestrum
434 2814 507 2862 iidele
520 2815 546 2862 in
561 2815 636 2874 ligura
647 2815 739 2861 minus·
764 2817 845 2863 dicum
856 2831 906 2865 non
918 2820 1060 2879 requirunt3
1072 2819 1092 2865 si
1103 2819 1170 2865 enim
1180 2821 1295 2880 require-

209 2881 259 2927 euli
271 2883 403 2931 animantis
413 2883 529 2944 expertus
540 2896 607 2941 sum,
618 2895 738 2943 praesumo
763 2884 832 2943 rent,
844 2897 893 2932 nou
904 2885 1057 2945 derogarent.

209 2949 274 3009 quod
284 2951 404 3011 protunda
418 2951 536 3012 mysteria
552 2965 606 3011 quae
623 2953 738 3011 luporum
792 2955 831 3002 50.
843 2955 976 3015 llxplorant
991 2955 1094 3015 pastoris
1105 2955 1256 3014 absentiam,
1267 2955 1294 3000 ei

104 3023 107 3032 ·
158 3077 164 3092 ·
208 3019 291 3077 specie
306 3021 431 3080 velantur,
448 3019 584 3069 studiorum
602 3020 738 3069 vestrorum
763 3022 818 3071 ideo
835 3025 943 3085 pastores
959 3025 1292 3082 Ecclesiarumvelneearo,

208 3088 299 3148 possim
309 3090 407 3150 aperire
418 3091 541 3151 suilrassio.
552 3092 579 3136 ln
589 3087 671 3150 speeie
682 3092 738 3138 vul·
761 3094 803 3140 vel
814 3093 840 3140 in
848 3095 965 3141 exsilium
976 3106 1047 3153 agere
1055 3093 1222 3154 contendunt3
1233 3093 1293 3152 qnia

208 3157 277 3216 pium
285 3158 414 3207 haereticos
419 3156 550 3220 significari
556 3170 630 3218 supra
638 3171 738 3218 expres·
762 3163 923 3223 praesentibus
932 3161 1070 3224 pastoribus
1083 3175 1142 3211 oves
1151 3162 1243 3210 Christi
1255 3165 1294 3210 in·

209 3225 299 3286 simus,
321 3227 365 3288 qui
386 3227 533 3288 promittunt
555 3228 655 3274 nomine
673 3229 737 3287 quod
762 3243 859 3279 cursare
872 3244 922 3279 non
933 3232 1044 3292 possunt.
1056 3231 1165 3291 Spoliare
1174 3243 1294 3292 erropro·

208 3293 330 3343 Christum
344 3295 490 3357 sequantur,
500 3295 544 3344 sed
553 3296 634 3344 studio
645 3295 737 3345 bandis
761 3310 816 3356 pom
828 3299 926 3346 Domini
935 3302 1044 3360 raptores
1052 3301 1179 3358 conantur,
1187 3299 1231 3360 qui
1240 3312 1295 3347 eor-

208 3361 329 3420 abjurant.
337 3365 386 3413 llos
392 3378 441 3412 uon
449 3365 552 3427 suscipit
559 3365 685 3424 Dominus,
693 3367 737 3414 sed
761 3379 834 3426 porea
842 3369 946 3428 quadam
956 3369 1046 3416 mentis
1054 3367 1190 3416 intentione
1198 3368 1255 3416 duri
1264 3381 1294 3416 ae

208 3442 278 3479 asuo
287 3433 344 3482 nido
355 3435 422 3482 arcet
432 3434 458 3482 et
468 3432 591 3495 prohibet.
602 3435 663 3494 lupi
677 3435 737 3495 quid
760 3435 846 3495 rigidi,
861 3446 1016 3498 nequaquam
1031 3437 1111 3485 solent
1122 3449 1136 3483 a
1148 3449 1192 3484 suo
1206 3448 1293 3484 erroro

208 3499 344 3562 significare
356 3502 506 3564 videantur,
515 3503 633 3552 debemus
648 3505 736 3554 adver·
761 3503 902 3554 deflectere.
908 3508 938 3554 st
945 3506 1295 3568 ideollpostolusaitrllaereli-

208 3569 270 3620 tere.
374 3575 379 3586 ‘
760 3575 1295 3636 oumlrominemposlonera....oorrepttonem

237 3637 277 3688 os.
289 3641 377 3692 Bestiae
387 3655 477 3704 nempe
487 3641 545 3690 suut
555 3655 610 3703 quae
620 3641 736 3692 insidian·
760 3643 849 3702 devito,
864 3641 943 3691 sciens
959 3645 1018 3704 quia
1036 3644 1167 3694 subversus
1182 3641 1234 3702 ost,
1249 3644 1295 3704 qui

207 3708 250 3754 tur
259 3711 379 3772 ovilibus,
390 3712 455 3761 eirea
465 3713 599 3773 pastorales
608 3714 737 3761 versantur
761 3713 879 3773 eiusmodi
887 3713 933 3762 est.
940 3715 989 3762 llos
996 3713 1127 3773 Scripturas
1135 3725 1207 3761 verus
1215 3713 1294 3761 inter-

209 3787 289 3837 esses,
300 3779 439 3829 habitacula
449 3782 576 3839 domorum
584 3780 678 3829 intrare
687 3795 736 3829 nou
761 3797 817 3844 pres
826 3781 938 3831 Christus
950 3782 1050 3842 illudit;
1061 3783 1089 3831 ut
1100 3783 1186 3830 inanes
1196 3794 1255 3829 suos
1265 3782 1293 3829 iu

761 3863 851 3898 vanum
870 3851 996 3900 eilnndant
1016 3851 1137 3913 impetus,
1154 3850 1181 3898 et
1199 3862 1293 3899 nocero

231 3905 348 3945 'immunda
360 3921 394 3956 per
404 3922 502 3951 samm
511 3911 557 3949 ideo
565 3910 677 3957 dleunlur,
686 3911 736 3957 quia
761 3929 810 3963 lion
821 3917 922 3975 possm·

208 3958 736 4060 ff:ffifflpssoffifmfflffiffifflffi
792 3985 830 4031 bl.
841 3985 889 4043 Qui
900 3986 920 4035 si
927 4001 1001 4047 quem
1008 3988 1109 4036 versuta
1118 3985 1296 4047 disputationis

209 4066 237 4100 esi
249 4064 321 4110 untias
762 4063 811 4099 suae
827 4052 1050 4116 circumscriptione
1061 4054 1241 4116 praevenerint,
1256 4055 1295 4102 lo-
