2752 4814
312 397 491 442 EXPOSITIO
508 395 540 439 ΙΝ
555 394 682 446 Lucilli,
699 393 796 438 lirun
810 387 966 448 QUINTUS.
1151 380 1180 434 {³

94 482 251 538 adsciscitur,
269 480 302 528 ita
317 482 400 526 umen
411 479 439 525 ut
458 478 509 524 illis
525 489 622 537 quoque
647 475 714 523 mino
725 476 846 523 curandus
854 475 968 531 otientur,
980 471 1005 517 in
1015 479 1064 528 quo
1073 470 1178 527 populus

94 549 283 608 misericordiae,
294 548 314 595 si
331 547 446 606 credant,
462 545 623 606 prerogativa
647 544 789 602 nationum,
799 543 842 602 qui
852 536 1178 589 mundanseserritutisvin·
1244 556 1247 560 ·

58 647 61 652 -
94 618 215 667 servetur.
649 611 710 657 culis
721 611 850 658 tenebatur
860 621 924 669 roger
942 607 1076 654 lethalibus
1086 605 1179 665 passio-

125 687 165 734 80.
179 684 290 743 Addidit,
301 695 351 731 non
360 683 454 730 temere
464 681 624 740 judicandum
649 679 733 738 nibus,
751 679 872 733 beneficio
885 675 982 724 Domini
996 674 1117 726 sanandus
1131 685 1178 720 ex·

18 788 21 795 «
97 753 143 816 (v.
155 753 220 815 57),
236 766 267 801 ne
280 766 335 801 cum
350 752 384 800 sis
394 752 432 818 tui
443 752 555 800 conscius
572 751 624 810 ipse
649 747 940 807 primitur.Quodautem
951 742 1179 801 meritorumdixit,

96 821 444 883 delicti,inalterumcoqaris
454 820 625 870 terresenten-
649 816 675 862 in
687 816 880 875 coevangelista
895 827 944 862 non
958 813 1061 872 letellit3
1076 812 1179 859 moritu·

97 891 166 937 tiam.
650 897 691 931 rus
709 885 775 932 enirn
795 887 860 944 erat,
879 883 928 931 nisi
948 882 1035 930 luisset
1052 882 1180 928 sanatura

127 960 166 1007 Sl.
178 961 262 1019 blegne
273 958 499 1019 etiamdisciplina3
511 959 539 1005 ut
547 958 578 1004 de
589 956 626 1003 in·
650 953 753 1001 Christo.
765 953 879 1012 Implevit
892 952 967 1012 igitur
977 951 1128 1011 praeceptum
1139 961 1180 996 cn-

96 1027 229 1075 fructuosis
237 1027 414 1075 fructuosanon
422 1039 529 1087 quaeras,
538 1038 584 1072 nec
595 1026 625 1072 de
650 1022 723 1069 ritate
739 1023 847 1081 coelesti,
858 1022 900 1082 qui
912 1021 948 1069 sic
964 1019 1053 1067 dilexit
1067 1017 1181 1065 inimicos

97 1095 627 1155 incultisproventumloecunditatisexspec·
651 1092 679 1138 ut
689 1091 761 1137 morli
777 1092 899 1149 eriperet,
920 1091 994 1149 atque
1010 1088 1041 1134 ad
1055 1087 1180 1147 perpetum

95 1166 133 1212 tes
142 1164 178 1226 tv.
188 1163 218 1210 tt
227 1163 246 1225 ).
256 1164 394 1224 Unicuique
403 1165 470 1211 enim
481 1176 524 1212 sua
531 1165 627 1210 cultura
652 1171 720 1219 spem
731 1160 816 1206 salutis
831 1159 986 1206 adscisceret.

48 1252 51 1258 ·
99 1235 142 1282 dat
153 1235 256 1281 tructus.
266 1236 294 1280 ln
305 1235 382 1293 spinis
392 1235 462 1281 istius
474 1233 559 1280 mundi
569 1233 628 1279 licus
682 1228 721 1275 al.
738 1228 861 1287 Quantum
880 1228 962 1274 autem
977 1224 1068 1273 divinae
1079 1223 1181 1271 bumili-

96 1304 141 1350 illa
152 1316 202 1350 non
214 1303 296 1362 polest
314 1303 433 1361 reperiri,
444 1301 571 1365 quaenquia
583 1300 628 1346 loe·
653 1292 710 1343 tatis
722 1296 831 1355 insigne,
841 1297 869 1343 ut
881 1295 937 1342 coeli
955 1295 1074 1341 Dominus
1088 1300 1183 1351 nequa-

98 1370 185 1418 cundis
198 1370 319 1416 lructibus
332 1370 421 1416 melior
437 1370 487 1427 est,
498 1370 562 1416 bene
573 1380 629 1428 spe-
653 1377 726 1423 quem
742 1365 915 1424 dedignaretur
927 1361 1083 1411 centurionis·
1095 1358 1183 1408 tervu-

98 1437 150 1484 cies
160 1437 184 1484 ei
195 1437 382 1484 resurrectionis
390 1437 506 1495 aptatur:
520 1437 560 1484 vel
570 1436 628 1495 quia
653 1433 704 1478 lum
723 1433 825 1499 visitare
842 1429 885 1493 (v.
904 1429 952 1492 6)l
971 1431 1055 1478 Elucet
1075 1422 1135 1476 tides
1155 1429 1181 1476 in

97 1506 126 1551 ut
137 1504 218 1564 legisti
231 1516 238 1548 τ
251 1507 320 1552 Ficus
334 1506 444 1573 dederuut
460 1518 549 1565 moseos
558 1519 627 1565 seos;
653 1501 782 1560 operibus,
793 1501 836 1548 sed
849 1502 905 1559 plus
917 1502 1031 1560 operatur
1042 1498 1183 1547 humanitas

98 1574 163 1632 quod
173 1573 327 1631 immaturus,
337 1575 362 1620 et
373 1573 482 1631 inutilis,
491 1575 516 1620 ct
524 1573 628 1620 caducus
654 1568 680 1615 in
692 1570 828 1616 aflectibus.
843 1569 912 1626 Quod
921 1571 1006 1627 utique
1015 1579 1063 1615 non
1081 1568 1136 1613 ideo
1147 1567 1184 1614 ia·

98 1639 125 1686 in
134 1640 259 1700 Synaqoga
270 1641 425 1688 lructusante
433 1641 559 1700 praecessit
570 1655 576 1686 r
587 1643 629 1688 rel
654 1637 812 1698 ciebat,quie
824 1639 1006 1686 absenscurare
1014 1649 1062 1683 non
1071 1635 1181 1696 poterat}

98 1709 158 1767 quia
173 1709 305 1771 immatura
321 1710 373 1756 vita
392 1712 473 1757 nostra
485 1710 522 1758 est
536 1711 563 1756 in
578 1723 629 1757 cor·
654 1706 696 1752 sed
708 1708 734 1754 ut
744 1707 845 1753 formam
854 1708 900 1755 tibi
912 1707 981 1753 daret
999 1706 1125 1753 imitandae
1135 1703 1183 1752 bu·
1273 1700 1274 1704 ’

98 1787 172 1834 pore,
183 1777 279 1823 matura
291 1776 318 1822 in
332 1778 521 1824 resurrectione.
533 1778 562 1824 Et
573 1777 629 1824 ideo
653 1775 780 1833 militatis,
788 1789 834 1834 qun
844 1775 915 1833 juxta
926 1772 1099 1820 humilioribus
1110 1773 1184 1820 doce·

99 1844 184 1902 procul
194 1856 208 1890 a
220 1843 290 1890 nobis
300 1845 418 1891 debemus
434 1845 564 1891 saculares
580 1845 630 1891 sol·
654 1845 692 1891 ret
703 1856 730 1891 ac
741 1845 911 1903 superioribus
927 1843 1095 1891 deferendum.
1110 1843 1184 1888 Deni-

100 1912 241 1959 liciludines
265 1911 398 1969 abdicare,
425 1925 481 1971 quae
502 1912 630 1958 mordeant
654 1925 701 1970 que
712 1913 772 1959 alibi
781 1913 866 1972 regulo
877 1911 1119 1967 dicitrl²ade,plius
1131 1913 1184 1956 luas

99 1979 224 2036 animum,
242 1979 400 2036 mentemque
415 1978 531 2035 edurant3
540 1979 567 2024 ut
578 1990 631 2023 ma·
655 1982 710 2026 vicit
717 1996 726 2039 ‚·
739 1981 766 2026 ut
776 1981 838 2026 scias
850 1981 875 2026 et
885 1979 1020 2037 potentiam
1031 1977 1183 2035 divinitatis,

100 2047 168 2095 turos
185 2047 280 2094 tructus
297 2046 400 2092 culturae
415 2046 540 2103 diligentie
552 2045 631 2104 possi·
657 2047 682 2093 et
692 2047 841 2094 humilitatis
855 2048 966 2105 gratiam.
982 2046 1020 2092 lbi
1036 2046 1117 2092 noluit
1127 2057 1184 2104 per-

101 2125 156 2159 mus
174 2114 277 2172 adipisci
289 2126 296 2158 r
315 2113 380 2172 quod
399 2113 425 2160 in
442 2113 542 2161 incultis
559 2114 631 2161 istius
656 2127 727 2174 gere,
738 2128 770 2162 ne
781 2115 807 2162 in
818 2116 896 2174 reguli
906 2115 957 2162 filio
968 2115 1097 2162 rideretur
1107 2115 1184 2173 magis

100 2183 186 2230 mundi
192 2184 301 2242 reperire
310 2195 358 2230 non
364 2194 504 2242 pessumus:
514 2184 576 2243 Quia
583 2195 630 2229 ooo
656 2185 749 2231 divitiis
757 2185 875 2232 detulisse
885 2198 891 2230 ε
900 2184 941 2231 bic
952 2185 1005 2244 ipse
1013 2184 1125 2243 perrexit
1134 2216 1141 2240 ,
1150 2196 1183 2231 ne

101 2253 178 2312 leqont
189 2252 215 2298 dc
233 2253 304 2312 spinis
318 2253 389 2310 ficus,
405 2265 479 2312 neque
500 2252 527 2298 de
541 2251 631 2299 tributis
655 2253 818 2301 videreturin
829 2253 977 2300 centurionis
993 2252 1084 2300 temolo
1099 2253 1185 2299 condi·
1258 2279 1261 2286 ι

100 2321 242 2367 viodcrrriaot
258 2333 337 2367 uram.
348 2320 459 2367 Alterum
470 2319 630 2366 edmundum
655 2323 747 2367 tionem
773 2321 914 2380 despexisse
941 2320 1078 2379 servilem·;
1100 2332 1184 2366 omnes

102 2388 128 2436 et
138 2389 358 2447 resurrectionem,
369 2389 513 2436 alterumad
525 2388 631 2434 animam
656 2390 721 2436 enirn
730 2423 737 2448 ,
747 2402 832 2438 servus
843 2391 867 2436 et
879 2389 957 2447 liber,
967 2388 994 2435 in
1004 2388 1098 2436 Christo
1106 2400 1184 2435 unum

100 2457 632 2517 etcorpusrelertur:velquianemopec-
656 2472 747 2506 sumus.
927 2472 929 2476 ·

101 2524 161 2571 catis
172 2523 278 2572 fructum
288 2525 397 2584 adquirit
407 2526 495 2572 animae
504 2539 554 2572 suae
562 2558 569 2582 ,
577 2539 632 2584 quae
685 2527 725 2573 85.
735 2527 844 2574 Sedride
855 2528 1121 2586 fidemprrerogativam
1131 2541 1184 2574 esse

100 2592 165 2638 sicut
179 2605 227 2639 uva
242 2594 354 2651 proxima
365 2593 439 2639 terris
450 2594 630 2650 corrumpitur,
657 2595 908 2641 medicinae.ndverte
919 2596 995 2642 etiam
1004 2596 1088 2653 inipso
1095 2596 1185 2653 populo

101 2659 130 2704 in
150 2659 319 2717 superioribus
337 2660 496 2711 maturatur:
517 2660 558 2705 vel
576 2659 633 2717 quie
657 2662 742 2719 gentili
758 2661 935 2719 perspicaciam
944 2674 996 2709 esse
1007 2662 1128 2721 mysterii.
1139 2662 1186 2708 Do·

101 2740 174 2774 nemo
186 2727 268 2786 potest
283 2727 466 2773 damnationem
484 2727 564 2774 carnis
575 2740 633 2774 eva·
657 2731 738 2775 minus
748 2729 829 2789 pergit
840 2742 847 2774 t
859 2730 961 2776 excusat
977 2730 1103 2789 centurio,
1118 2730 1186 2776 mili-

102 2796 175 2855 dere;
195 2796 243 2842 nisi
263 2795 464 2855 quemchristus
483 2796 632 2854 redemerit,
658 2799 752 2856 torique
768 2797 879 2856 deposito
890 2799 1000 2858 tumore,
1020 2799 1185 2846 reverentiam

102 2867 144 2924 qui
156 2865 220 2912 sicut
233 2877 279 2911 uva
289 2864 408 2924 pependit
419 2865 445 2910 in
460 2864 534 2922 ligno.
546 2866 632 2912 Procul
656 2868 743 2925 sumit,
755 2868 780 2914 et
792 2867 823 2913 ad
834 2867 906 2917 iidem
925 2867 1017 2926 facilis,
1028 2869 1053 2915 et
1068 2868 1098 2914 ad
1109 2869 1186 2931 hono·

102 2933 178 2994 igitur
195 2932 227 2979 ab
244 2933 287 2979 illa
299 2945 386 2991 corne,
397 2945 452 2992 quae
464 2933 576 2981 damnato
588 2934 633 2980 lm-
656 2936 802 2983 risrcentiam
826 2936 943 2994 promtus.
969 2936 998 2981 Et
1020 2937 1084 2982 bene
1108 2938 1186 2984 Lucas

103 3001 166 3048 mini
184 3000 288 3048 tribulos
304 3012 422 3060 generare
437 3003 561 3060 praecepta
578 3003 632 3059 est,
657 3005 731 3050 etiam
747 3006 772 3051 in
786 3017 912 3051 occursum
923 3004 1014 3050 amicos
1029 3004 1090 3051 diclt
1108 3002 1185 3051 essca'
1202 3018 1208 3027 '
1260 3008 1263 3014 “

102 3070 213 3116 levemus
238 3069 321 3115 oculos
347 3069 482 3127 spiritales,
505 3069 633 3117 tendamus
657 3074 801 3120 centurione
820 3073 986 3130 transmissosq
1006 3084 1038 3119 nc
1055 3074 1186 3132 praesentia

102 3149 202 3196 manus,
213 3139 243 3184 ut
256 3137 379 3184 Christum
390 3138 634 3200 vindemiare'possi·
657 3152 700 3186 sua
716 3153 816 3200 gravare
838 3140 935 3188 Domini
951 3143 1125 3188 verecundiam
1146 3134 1186 3187 viss

103 3218 167 3251 mus.
657 3211 769 3268 deretur,
782 3211 807 3257 ct
816 3210 923 3257 cilicium
935 3209 1015 3257 officio
1031 3222 1185 3269 provocasse·

133 3272 172 3321 82.
181 3273 296 3320 Omnium
305 3273 387 3320 autem
398 3273 582 3323 tundamentum
591 3277 634 3323 do-
658 3281 713 3326 llaec
731 3281 862 3327 moraliter.

104 3343 142 3388 cet
154 3338 163 3402 (
174 3354 198 3395 v,
209 3339 257 3401 td)
275 3354 327 3388 esse
336 3342 455 3389 virtutum
468 3345 633 3391 obedientiam
687 3349 725 3396 86.
738 3349 838 3408 llystice
850 3349 931 3396 autem
941 3382 948 3407 ,
959 3354 1031 3408 quem
1046 3350 1185 3397 Judaeorum

102 3410 238 3457 coelestium
250 3411 440 3471 praeceptorum,
451 3425 496 3472 por
507 3426 579 3471 quam
591 3415 634 3461 do·
657 3419 761 3478 populus
779 3417 915 3477 crucifixit,
934 3417 1080 3465 inviolatum
1097 3418 1127 3464 ab
1146 3419 1187 3465 tn-

103 3491 158 3524 mus
169 3477 221 3524 haec
235 3481 316 3524 nostra
329 3492 376 3525 non
388 3479 508 3538 profluvio
520 3483 634 3542 volupta-
656 3486 720 3543 juria
728 3497 826 3532 manere
836 3486 988 3533 desideraret
998 3485 1187 3546 pupulusnatlo·

103 3546 171 3609 tum,
187 3556 235 3590 non
254 3547 371 3604 nequitiae
388 3548 505 3608 spiritalis
521 3551 633 3610 incursu,
659 3567 716 3602 num
729 3567 734 3598 :
748 3554 773 3599 et
784 3555 849 3614 quod
859 3555 890 3601 ad
908 3555 982 3600 sidem
999 3555 1119 3612 pertinet,
1135 3562 1187 3598 scr-

104 3623 153 3658 non
165 3612 242 3659 imbre
253 3615 388 3672 mundano,
400 3629 447 3662 nun
463 3618 632 3666 baereticorum
658 3621 723 3667 moni
739 3621 858 3680 credidit,
874 3623 921 3667 lioc
940 3624 990 3680 est,
1004 3630 1052 3666 non
1067 3619 1186 3678 bominis,

104 3679 181 3739 possit
191 3681 315 3733 nebulosis
323 3684 529 3742 disputationibus
537 3699 635 3744 permo-
658 3689 701 3732 sed
722 3688 769 3731 Dei
796 3691 918 3746 potestate
945 3688 1080 3744 conjiciens
1104 3686 1185 3734 daria

105 3746 169 3794 veri.
658 3752 1185 3815 Christobominibussanitatemzquodrero

135 3815 175 3863 85.
183 3815 272 3862 Pulcrc
283 3817 366 3863 eutem
376 3818 419 3863 ubl
432 3819 553 3877 precepta
569 3833 635 3867 eom·
658 3820 688 3866 ad
698 3820 842 3879 mysterium
854 3822 961 3882 spectat,
973 3823 1036 3871 vidit
1050 3824 1075 3870 in
1086 3824 1184 3883 pecto'ra

104 3882 182 3941 plevit
191 3881 335 3945 (cap.7,v.l
348 3885 372 3932 et
383 3885 456 3946 seq),
467 3899 564 3935 suorum
573 3902 633 3948 prae·
658 3890 875 3949 adlruc'gentilium
886 3904 935 3937 non
943 3905 995 3939 esse
1006 3893 1185 3952 penetrabilem
1244 3928 1248 3934 -

104 3950 231 4006 ceptorum
250 3951 351 3998 formam
368 3954 469 4013 exsequi
481 3955 563 4014 docet,
576 3969 632 4003 narn
657 3958 787 4005 Christum.
803 3959 832 4006 Et
849 3959 904 4007 idco
922 3961 978 4020 quia
997 3961 1101 4008 necdum
1118 3961 1185 4023 cogi-

105 4017 188 4063 statim
208 4019 306 4078 gentilis
317 4021 468 4069 centurionis
483 4036 567 4072 servus
584 4026 632 4072 Do·
659 4027 758 4074 tationis
775 4028 903 4086 protento
926 4030 1033 4076 oraculas
1055 4030 1185 4088 abluisset,
