2760 4808
478 385 746 440 arrianorum
764 389 846 432 v.·
1042 382 1046 390 ·
1129 377 1174 426 eas
1273 357 1277 367 '

95 467 320 535 geiumluois,quid
328 469 417 520 mirum
429 466 449 518 si
458 469 543 518 Arrius
551 481 622 515 suum
644 467 755 525 iudicare
767 468 798 516 de
809 463 943 515 Deolicet:
955 461 998 512 sed
1008 459 1172 511 ruiotuoooll

95 543 208 591 imitatur
217 541 358 599 auctorem,¹
368 540 396 586 ut
406 537 509 597 usurpet
518 535 621 584 illicitat
645 535 765 593 iudicium
776 536 807 585 de
817 536 931 584 omnibus
948 532 1067 582 detulisti.

95 611 164 659 Licet
173 612 238 670 quod
247 610 320 658 Pater
330 621 388 656 snus
399 606 511 654 diabolus
524 618 571 665 per
581 617 622 653 se·
676 604 730 652 255.
742 607 866 653 lohannes
875 615 972 651 caruem
982 599 1080 648 Domini
1091 599 1174 661 bapti·

94 680 147 727 met
164 678 246 739 ipsum
264 691 313 725 non
330 676 404 734 iecit,
424 672 620 722 intolerabiliore
646 684 701 720 zare
720 673 860 734 metuebat,
886 672 1007 718 lohannes
1028 669 1174 730 prohibebat

94 745 142 795 iste
153 745 280 808 sacrilegio
288 745 427 793 divinorum
435 742 483 790 sibi
493 741 622 791 scientiam
646 739 748 789 dicenst
760 744 810 803 Epo
821 757 837 789 a
847 745 868 790 te
885 741 953 788 debeo
966 738 1095 799 baptizari,
1110 740 1133 786 et
1147 741 1173 787 tu

93 817 256 875 secretorum,
282 814 308 862 et
327 824 438 872 supernae
457 809 622 871 generationis
645 813 751 859 emisod
765 826 815 872 me,
834 811 860 859 et
875 822 920 871 ego
937 808 1058 857 Christum
1077 807 1173 868 iudicio

93 879 620 944 aroanapraesumut3diabolusenimverum
645 891 701 926 meo
711 881 822 929 subdam.
1180 922 1187 941 Ι

93 951 139 1000 Dei
151 952 240 1000 Filium
250 951 386 1009 fatebatur,
398 948 483 998 Arrius
492 948 575 1010 negat.
675 947 828 1010 biblioyses
837 947 937 997 excusat
945 947 1174 1006 sacerdotium,Pe·

123 1017 274 1081 anastorgo
285 1017 571 1078 metirite,omnipotens
577 1018 621 1062 Pa·
645 1016 698 1064 trus
713 1017 860 1078 imperatum
875 1017 903 1064 in
913 1014 1050 1064 ministerio
1066 1015 1174 1064 declinat

91 1087 141 1147 ter,
148 1100 198 1135 non
207 1101 280 1149 queo,
291 1099 418 1148 possumne
429 1085 483 1134 sine
495 1084 621 1144 sacrilegio
645 1085 790 1147 obsequium
801 1082 900 1135 :Arrius
910 1085 1032 1134 scrutatur
1042 1084 1116 1132 etiam
1125 1083 1174 1132 alta

92 1156 125 1204 de
136 1157 185 1205 tuae
195 1156 360 1218 generationis
374 1155 499 1216 disputare
510 1153 621 1203 secreto?
644 1153 701 1202 Dei.
718 1155 766 1204 Sed
782 1168 830 1203 nou
844 1152 929 1202 Arrius
940 1152 1047 1214 Spiritus
1055 1154 1173 1219 sanctusz

92 1226 223 1275 Possumne
233 1225 317 1274 dicere
334 1224 400 1286 quod
410 1222 504 1285 aliquid
515 1224 581 1272 inter
594 1225 620 1271 te
644 1223 687 1271 sed
698 1221 767 1270 ltrrio
779 1223 804 1270 et
815 1220 957 1268 bominibus
965 1221 1059 1269 dietum
1069 1219 1107 1269 est
1115 1233 1123 1267 a
1131 1219 1174 1270 a»

93 1294 217 1344 etlilium
228 1296 300 1343 tuum
316 1295 373 1356 plus
382 1295 494 1341 minusve
505 1293 551 1353 sit3
563 1304 620 1341 oum
645 1293 706 1340 tioro
716 1294 738 1339 te
745 1305 774 1340 oe
785 1292 912 1352 quesieris.

92 1364 146 1423 ipse
156 1363 199 1425 qui
211 1377 244 1412 ex
253 1365 280 1413 te
290 1365 361 1412 natus
372 1364 424 1423 est,
439 1362 533 1411 dixerit
543 1375 550 1408 a
562 1364 620 1412 Om·
673 1362 728 1409 25⁷.
739 1362 832 1421 lloyses
843 1361 939 1408 vultum
950 1357 1048 1406 Domini
1058 1356 1174 1419 prohibe·

91 1434 132 1480 sto
143 1447 194 1493 quoa
202 1436 275 1481 Pater
282 1433 351 1481 liutet
366 1446 418 1480 meo
426 1431 496 1480 souti
506 1430 567 1488 Quis
578 1443 619 1477 me
644 1429 684 1478 tur
691 1428 791 1479 ridere:
801 1427 886 1476 ltrrius
893 1426 985 1474 meruit
997 1425 1082 1476 videre
1093 1440 1173 1476 secre-

91 1500 220 1549 eonstituit
240 1501 350 1561 judicem
372 1501 415 1547 aut
437 1499 569 1547 divisorem
588 1499 619 1546 de
644 1499 707 1547 turn.
722 1499 816 1559 Moyses
834 1498 860 1559 et
869 1497 949 1544 Aaron
963 1496 990 1542 in
1006 1494 1173 1546 sacerdotibus

90 1569 165 1617 robus
175 1569 305 1617 humanis?
315 1571 366 1617 lloo
373 1567 451 1616 Filius
458 1566 533 1628 dicit,
542 1567 569 1616 et
574 1579 620 1616 nos
643 1569 710 1629 ejus,
721 1570 815 1629 bloyses
831 1565 873 1628 qui
885 1579 941 1615 oum
952 1564 1056 1614 Domino
1070 1567 1173 1627 apparet

90 1636 158 1685 inter
168 1639 263 1685 Patrem
275 1639 300 1686 et
309 1636 399 1686 lilium
414 1635 561 1685 divisionem
576 1649 619 1685 no·
643 1638 669 1685 in
679 1637 770 1698 gloria3
790 1637 884 1698 lloyses
904 1647 961 1695 ergo
976 1633 1021 1682 ille
1036 1634 1171 1695 posteriore

90 1704 130 1753 bis
147 1708 172 1754 et
181 1705 303 1765 judicium
313 1704 481 1754 rindieamust
490 1702 619 1763 Bonapie-
642 1705 811 1755 tantummodo
821 1703 868 1752 Dei
883 1703 911 1751 in
921 1705 979 1764 typo
991 1701 1055 1750 vidit
1067 1715 1074 1748 ε
1086 1702 1172 1750 Arrius

70 1787 73 1792 ’
90 1776 128 1822 tas
146 1775 250 1822 arbitros
260 1773 352 1832 refugit
366 1774 441 1820 etiam
452 1773 479 1820 in
496 1772 619 1820 fflriuoue
642 1774 722 1822 totum
739 1775 821 1821 Deum
836 1773 900 1820 iaoie
912 1771 943 1819 ad
960 1770 1051 1819 taciem
1061 1783 1171 1830 eompre-

90 1841 244 1901 patrimonii.
262 1842 309 1888 llos
328 1854 385 1902 ergo
405 1840 498 1889 erimus
516 1839 618 1901 arbitri,
644 1841 739 1891 bendit.
750 1844 794 1890 Sed
803 1855 871 1890 nemo
877 1873 886 1900 ,
902 1839 999 1900 inquit,
1013 1840 1090 1888 videre
1097 1842 1171 1900 potest

91 1909 121 1955 ut
137 1907 203 1957 inter
217 1909 243 1957 te
264 1911 290 1958 et
305 1908 395 1956 Filium
414 1910 485 1957 tuum
502 1908 619 1959 increatae
642 1911 727 1970 sociem
735 1922 825 1969 meam,
835 1912 858 1958 et
867 1911 931 1958 visit.

91 1977 245 2037 majestatem
255 1977 397 2026 substantiae
408 1975 563 2027 dividamust
673 1977 728 2026 238.
738 1979 828 2026 Paulus
839 1976 914 2025 etiam
923 1975 953 2024 de
962 1974 1119 2024 interioribus
1129 1970 1171 2025 di·

122 2047 176 2094 252.
190 2048 327 2106 Gener-atio,
339 2045 435 2108 iuuerit,
446 2047 509 2106 bue,
522 2059 620 2108 peama-
643 2045 677 2094 eit
688 2059 695 2095 ε
706 2049 747 2096 Ex
762 2050 831 2108 porte
840 2046 1010 2107 tumescimus,
1025 2046 1048 2092 et
1064 2058 1095 2092 ex
1103 2045 1170 2105 poro

91 2118 123 2166 tio
134 2129 234 2176 nequam
245 2118 278 2164 est
286 2116 491 2176 :sipoumpuoerit,
499 2117 521 2163 et
528 2116 619 2176 donum
643 2119 714 2165 ettam
720 2117 885 2178 prophetemus
896 2129 904 2162 ε
915 2113 998 2162 Arrius
1008 2110 1070 2162 dicit
1077 2125 1110 2160 ex
1119 2112 1170 2161 totu

90 2199 139 2232 aon
153 2185 248 2232 dubitur
258 2185 296 2242 ei,
309 2186 356 2233 aiei
371 2185 463 2244 siquam
480 2184 547 2242 iouoe
557 2186 619 2231 Pro·
642 2186 739 2245 Deum,
749 2197 799 2233 non
815 2197 847 2232 ex
857 2183 927 2244 parte
942 2179 1054 2242 cognovi.
1066 2179 1175 2228 luterior

89 2254 171 2315 piretu·
183 2252 379 2317 Signumutique
387 2253 459 2300 datur
468 2263 518 2298 non
528 2250 618 2299 divini-
642 2266 699 2312 ergo
708 2255 811 2312 Paulus,
822 2264 895 2314 quam
906 2248 1004 2309 Arrius3
1016 2249 1041 2296 et
1051 2261 1093 2298 ras
1104 2249 1170 2298 elea·

90 2322 163 2381 tatis,
183 2323 227 2370 sed
246 2320 430 2388 incarnationis.
451 2319 566 2380 Denique
586 2319 617 2368 de
641 2321 838 2383 tionisexparte
848 2319 961 2380 scit‚vas
970 2317 1115 2379 perditionis
1131 2318 1170 2366 to-

90 2389 260 2440 inoarnatione
269 2391 379 2440 dicturus
389 2389 425 2438 ait
437 2403 444 2435 ι
456 2391 511 2436 Pete
522 2389 564 2437 tibi
572 2391 617 2450 εἰς·
641 2394 695 2442 tum
706 2392 768 2440 seit:
780 2394 849 2448 scio,
864 2387 961 2450 inquit,
977 2388 1107 2444 bominem,
1124 2389 1169 2436 otoo

90 2472 156 2506 oum.
168 2461 197 2508 Et
210 2473 266 2508 cum
278 2461 321 2506 ille
331 2456 435 2507 dixisset
444 2469 451 2504 a
460 2458 515 2504 Nou
523 2459 617 2516 petam,
641 2464 666 2509 ia
676 2475 770 2522 corpore
780 2462 825 2509 sire
836 2461 906 2507 extro
920 2470 1003 2518 eorpus
1012 2457 1169 2512 aestimetis

90 2541 162 2588 neque
168 2529 261 2576 tentabo
268 2525 406 2584 Dominum,
415 2537 558 2586 responsum
567 2525 616 2573 est:
641 2531 696 2587 soit,
708 2529 819 2591 quopiam
836 2527 961 2586 raptueeot
974 2525 1000 2572 io
1019 2525 1169 2584 paradisum,

78 2608 80 2611 ·
90 2597 150 2647 Ecce
160 2599 225 2660 virpo
235 2600 261 2646 in
270 2596 443 2658 uterouccipiet.
453 2593 617 2656 argougnun
640 2601 663 2647 et
669 2601 757 2647 audivit
764 2596 837 2645 uerbo
847 2594 982 2656 ineffabilia.
987 2591 1076 2639 Paulus
1085 2591 1170 2652 raptus

90 2665 229 2716 divinitatis
238 2665 325 2715 ridere
335 2676 386 2713 uon
395 2676 537 2724 possumus,
547 2675 616 2711 men·
641 2679 718 2728 usque
729 2665 760 2713 ad
769 2663 872 2713 tertium
880 2662 982 2720 coelum,
992 2672 1019 2707 se
1033 2657 1114 2719 ipsum
1124 2670 1169 2706 ne·

90 2742 172 2782 suram
182 2732 329 2796 quaerimus!
338 2731 477 2781 Vae'misero
484 2728 618 2790 mibi,im·
640 2726 1169 2783 seivit:lmmlnstorcorerolutatusnoum

89 2803 132 2865 pie
140 2804 262 2853 discutere
270 2805 488 2864 audemus,quem
495 2798 569 2861 digne
577 2811 618 2849 ro-
641 2803 722 2852 soirit.
743 2803 832 2849 Paulus
850 2798 911 2848 dicit
928 2797 960 2846 de
974 2809 1001 2844 se
1020 2796 1088 2856 ipso,
1104 2797 1169 2843 Deua

90 2886 148 2935 aare
164 2887 212 2921 non
223 2872 358 2934 possimus!
640 2871 703 2919 soit:
718 2867 803 2918 Amius
822 2866 853 2914 de
864 2867 918 2914 Deo
935 2861 997 2911 dicit
1013 2873 1020 2908 a
1040 2863 1088 2920 ligo
1099 2858 1168 2908 novi.

122 2942 176 2990 235.
187 2942 300 2991 Viderint
310 2943 394 2989 tamen
404 2938 464 3002 quid
475 2936 566 2987 iaciant
573 2940 617 2986 ltr-
670 2935 725 2986 259.
736 2935 785 2983 Sed
792 2947 842 2983 nou
849 2931 933 2980 Arrius
939 2931 1023 2991 raptus
1032 2929 1059 2977 in
1067 2928 1168 2988 eoelum,

90 3009 156 3058 riani
169 3024 175 3057 :
188 3024 232 3071 ego
240 3013 279 3071 te,
290 3012 371 3070 Pater,
382 3008 403 3057 si
411 3005 617 3068 majoremomni·
640 3006 751 3065 quamvis
769 3016 827 3052 eum
842 3001 961 3062 sequutus
980 2998 1027 3058 sit,
1041 2995 1084 3058 qui
1093 2996 1169 3056 jusm-

89 3079 136 3127 bm
147 3080 248 3141 dixero,
266 3077 385 3140 injuriose
399 3079 426 3126 te
440 3075 490 3125 tuis
500 3075 617 3136 operibus
640 3073 709 3123 tione
728 3071 862 3123 damnabili
887 3068 972 3118 divina
994 3064 1167 3127 presumeret,

89 3148 229 3208 comparavi
240 3161 247 3195 ι
258 3147 279 3196 si
287 3146 405 3207 majorem
412 3143 525 3204 Filio,ut
533 3143 617 3192 Arrius
640 3142 740 3192 dicens:
749 3145 841 3190 Ponam
849 3139 959 3188 tbrmsum
964 3149 1041 3185 meacm
1048 3146 1169 3195 sopanu-

88 3206 192 3276 adserit,
203 3215 280 3276 impie
287 3215 407 3275 iudinavi.
416 3215 452 3262 De
460 3215 485 3261 te
494 3212 562 3273 prior
569 3211 617 3260 erit
641 3212 687 3268 bes,
698 3214 720 3258 et
730 3223 770 3257 ero
784 3209 866 3258 omitia
878 3207 1010 3263 Altiesim03
1026 3200 1167 3278 sicutenim

88 3283 133 3331 illa
142 3285 264 3333 sententia
273 3316 282 3343 ,
290 3295 349 3332 nam
358 3295 439 3343 neque
447 3283 498 3330 ulla
508 3278 562 3328 fieri
573 3291 616 3339 po·
640 3277 684 3325 ille
702 3277 782 3324 dixita
793 3277 843 3323 Ero
852 3275 935 3323 similis
953 3271 1071 3320 ditissimo
1082 3283 1091 3315 .-
1102 3268 1168 3316 slent

88 3354 138 3404 test
147 3353 195 3401 nisi
208 3366 241 3401 ex
251 3350 430 3413 comparatione
438 3349 562 3412 praelatio,
572 3361 616 3395 ue·
640 3347 665 3394 et
673 3346 758 3393 Arrius
768 3342 914 3392 altissimum
924 3338 971 3386 Dei
981 3336 1071 3384 Filium
1082 3333 1124 3412 sui.
1131 3332 1166 3382 si-

81 3423 138 3485 'que
158 3420 268 3484 praeierri
289 3419 436 3482 quisquam,
455 3418 505 3469 nisi
516 3419 548 3468 de
565 3430 614 3480 quo
639 3415 725 3462 milem
737 3409 876 3460 vultvideri
888 3423 896 3470 3
907 3420 982 3470 quem
998 3402 1089 3453 nonin
1100 3401 1166 3452 dlvi·

87 3491 157 3555 prius
167 3491 243 3540 tuerit
255 3490 401 3551 indicatum.
638 3482 825 3532 nltatlsaetemae
834 3478 961 3538 maiestate
972 3474 1112 3535 veneratur,
1122 3471 1166 3522 sod

117 3555 613 3622 muloarenobisperoolomnonuoet,
638 3566 670 3602 ex
678 3551 757 3601 camis
765 3547 909 3598 infirmitate
918 3544 1029 3596 metitur.

495 3768 571 3852 rlitls
582 3806 657 3850 ΤΟΜΙ
670 3804 775 3848 Tubuli.
