2752 4814
159 397 162 404 ·
208 405 256 459 sos
606 403 726 450 sancrr
740 403 898 451 lunuosrr
944 412 948 417 ·

201 487 278 535 solnm
285 485 400 544 ostelens
410 487 465 532 viri.
474 485 604 533 Probatnm
612 487 651 534 est
658 484 734 544 igitur
758 487 840 536 oneris
861 487 944 535 subire
968 484 1065 546 cupiat,
1081 481 1230 546 relaxatur,
1248 493 1300 533 ura-⁴

202 553 331 602 vinculum
342 564 395 600 esse
413 551 567 613 conjugium,
578 565 626 613 quo
644 553 734 600 mulier
758 556 833 602 nerrte
845 552 966 601 mercedis
976 554 1075 600 cumulo
1084 554 1112 601 iu
1122 555 1230 602 virtutis
1239 567 1301 614 aug·

202 622 292 682 ligatur
303 620 328 667 et
344 618 455 668 solvitur.
471 623 536 668 Bona
547 622 627 669 mutui
645 621 734 668 amoris
759 625 841 669 mento
854 635 861 667 ι
872 623 907 670 ila
918 621 993 668 etiam
1010 620 1111 669 leminis
1127 634 1182 669 non
1194 623 1301 682 laqueus

202 690 294 755 gratia,
308 689 352 737 sed
368 690 446 748 maior
463 691 501 738 est
520 691 637 739 servitus.
651 692 730 750 Neque
759 688 922 748 injiciendus,
938 700 987 735 uon
1000 701 1074 748 supra
1087 689 1156 737 vires
1167 690 1299 737 ausuum·-

202 759 264 805 enim
273 758 733 818 mnlicrsnicorporispcteotatemliniet,
759 756 1299 816 tiaegmviorisvecturasubeuudnesttsed

201 826 241 873 scd
257 827 304 874 vir.
322 826 352 872 lit
368 838 401 873 ne
419 826 481 873 torte
492 825 539 873 tibi
559 838 608 872 uon
626 825 733 884 coniugii
759 825 947 885 relinquendum
957 824 985 873 nt
992 836 1147 885 unaquaeque
1156 837 1186 872 se
1195 826 1298 886 pendat,

201 891 316 940 rideatur
326 892 374 940 istu
384 893 490 940 servitus
501 904 571 950 esse,
587 893 630 939 sed
640 904 714 938 sexus
725 904 733 936 a
758 907 807 941 nou
815 894 959 943 auctoritate
968 894 1049 954 aliqua
1061 895 1149 943 coacta
1160 895 1297 954 praecepti,

118 957 120 962 '
202 961 313 1008 Similiter
330 963 351 1008 ct
364 963 402 1008 vir
418 963 456 1009 sni
474 962 577 1020 corporis
593 963 729 1021 potestatem
758 964 802 1010 sed
820 963 971 1010 incremento
996 962 1081 1022 pratis
1101 962 1250 1022 provocata.
1269 964 1298 1011 ut

203 1042 250 1077 aon
270 1030 354 1088 landet,
372 1032 411 1079 sed
428 1032 521 1078 molier.
540 1030 637 1088 Quanta
657 1028 733 1087 igitur
758 1031 1072 1082 ideodiversisvirtotibus
1083 1044 1185 1080 merces
1201 1033 1297 1081 diversa

202 1097 311 1159 conjugii
321 1099 468 1157 necessitas,
479 1111 535 1158 qnae
546 1099 646 1157 subjicit
661 1095 733 1147 alteri
758 1100 880 1160 proposita
891 1100 937 1147 est.
948 1101 998 1147 llec
1007 1100 1078 1148 aliod
1086 1101 1293 1160 reprehenditur,

202 1166 277 1214 etiam
285 1166 426 1216 fortiorem?
436 1167 528 1214 llutuis
538 1167 604 1214 enim
625 1166 733 1214 necessi·
759 1171 786 1218 ut
798 1169 867 1217 alind
877 1168 1039 1228 praedicetura
1051 1169 1096 1216 sed
1106 1169 1196 1230 omnia
1206 1168 1294 1229 praedi·

201 1236 294 1284 tatibus
304 1237 335 1284 ab
345 1236 448 1296 utroque
459 1236 574 1284 servitur.
581 1237 630 1283 Neo
639 1236 735 1293 tempe·
759 1238 856 1295 cantur,
876 1237 904 1284 ut
920 1250 976 1296 quae
994 1236 1098 1284 meliora
1116 1237 1194 1296 sunt,
1210 1236 1297 1298 prmis-

201 1303 266 1351 ranti
280 1304 341 1352 licet
349 1304 408 1365 iugo
425 1303 562 1352 subducere
574 1303 665 1363 caput,
676 1314 732 1350 eum
758 1306 851 1354 rantur.

201 1371 303 1420 alterins
311 1373 508 1434 intemperantias
518 1370 677 1419 serviendum
688 1370 731 1417 sit.

201 1442 289 1498 Pretio,
301 1440 391 1500 iuquit,
401 1443 457 1488 emti
466 1443 531 1497 estis,
542 1441 610 1487 notite
617 1441 668 1498 fieri
674 1440 734 1486 servi
759 1451 768 1462 ·
911 1443 1037 1496 CAPUT
1063 1441 1139 1495 XII,

201 1510 331 1557 buccinum.
342 1506 437 1555 Videtis
444 1519 518 1568 quam
526 1507 627 1554 evidens
635 1507 666 1553 sit
675 1518 734 1552 con-

200 1576 290 1636 jugalis
302 1576 413 1623 delinitio
424 1574 559 1622 servitutis.
569 1575 621 1620 Non
632 1586 676 1631 ego
686 1573 733 1618 boe

979 1371 1066 1386 —

758 1558 868 1595 Nonnulla
882 1557 1005 1596 traduntur
1019 1557 1123 1605 praecepti
1133 1560 1205 1606 arque
1217 1557 1297 1597 consilli

220 1644 225 1654 .
541 1643 546 1652 .
703 1641 708 1652 .
760 1622 763 1628 ·
784 1612 981 1658 discriminasquae
990 1610 1298 1649 utadlructnuotecerrrtma·

202 1645 271 1702 ‘¹¹⁰⁰’
282 1644 323 1692 sed
331 1644 460 1704 AD⁰St⁰¹u⁵
469 1656 476 1688 ἶ
485 1654 532 1689 nec
540 1643 582 1688 ¹1¹⁰
589 1674 596 1700 a
603 1642 646 1688 ⁸ed
654 1642 733 1702 Chris·
781 1665 888 1709 nitestius,
903 1664 973 1702 divitis
984 1663 1128 1701 adolescentis.
1146 1665 1214 1710 cujus
1229 1664 1298 1700 livan-

177 1711 178 1714 '
201 1713 242 1760 ills
256 1713 299 1772 qui
310 1712 457 1772 loquebatur
470 1711 497 1758 ill
507 1722 546 1758 eo.
558 1709 589 1757 Et
602 1711 666 1756 hanc
683 1709 733 1757 uti-
781 1718 863 1763 pelium
876 1717 989 1762 meminit,
1005 1716 1096 1754 historia
1112 1727 1118 1753 z
1136 1726 1227 1754 necnon
1240 1725 1297 1764 prar-

113 1828 120 1836 ,
202 1781 404 1840 queservitutem
416 1780 447 1827 de
458 1777 680 1837 boniscoujugibus
691 1777 733 1823 de·
783 1770 880 1831 ¹⁰¹⁰¹¹¹s¹¹
894 1770 984 1831 consutis
1000 1769 1161 1846 praeceptisque
1177 1769 1297 1817 proposito·

162 1860 165 1871 ¹
201 1849 292 1897 linivit.
304 1850 412 1908 Namque
422 1858 496 1907 supra
506 1845 541 1894 sic
553 1845 732 1893 babesascnc·
781 1831 834 1860 ’ω
844 1822 1093 1860 d¹v⁰¹⁸¹²²u¹¹⁸¹¹²¹¹¹¹¹
1119 1861 1120 1864 ¹

202 1917 301 1976 lirioctns
311 1919 344 1965 cst
360 1919 399 1964 vir
409 1915 505 1974 infidelis
515 1927 556 1974 per
570 1925 670 1960 onorem
679 1912 734 1970 fide·
789 1911 827 1958 72.
839 1912 1013 1959 llouonanrnn
1028 1911 1113 1970 itaque
1136 1910 1296 1972 conjuginm,

182 2035 184 2040 ,
202 1986 261 2033 lein:
271 1990 293 2034 et
302 1985 487 2044 sanctificataest
497 1982 684 2040 rnnlierinfidelis
690 1995 732 2041 per
758 1979 801 2026 sed
812 1979 978 2026 honorabilior
993 1979 1135 2037 iutegritas3
1154 1992 1216 2026 nam
1228 1984 1250 2028 et
1260 1983 1298 2041 pal

187 2092 189 2096 Α
201 2055 314 2102 martinon
320 2055 417 2112 fidelem.
429 2053 458 2098 Et
471 2051 553 2104 inira:¹
566 2052 631 2112 Quod
645 2052 666 2098 si
681 2051 733 2107 infi-
757 2051 909 2096 matrimonio
915 2048 994 2109 jnnpit
1008 2050 1122 2108 uirginem
1141 2063 1217 2097 mam
1225 2082 1234 2106 ,
1246 2050 1298 2098 donc

201 2121 256 2168 dctis
270 2123 376 2178 discedit,
388 2122 495 2167 discedat.
509 2121 564 2167 Non
580 2121 613 2165 cst
630 2119 733 2165 servituti
758 2120 814 2177 facit
826 2133 834 2164 :
845 2121 867 2164 et
887 2120 928 2177 qni
943 2130 991 2165 non
1006 2117 1100 2176 fumuit,
1120 2118 1211 2165 incline
1232 2119 1296 2176 [ned.

201 2189 289 2236 deditus
306 2189 381 2248 froin
398 2189 440 2235 ant
459 2200 527 2234 soror
547 2190 572 2234 in
593 2186 686 2234 talibus.
707 2185 733 2231 Si
757 2188 827 2245 Quod
838 2187 914 2246 igitur
927 2187 1018 2236 bouum
1036 2185 1088 2244 est,
1099 2197 1154 2232 non
1166 2185 1297 2233 vitandum

202 2255 278 2314 igitur
294 2257 385 2303 bonum
405 2254 544 2313 conjugium
561 2254 667 2303 servitus
677 2254 732 2311 est,
758 2256 812 2303 est:
824 2255 889 2315 quod
910 2256 948 2303 est
965 2255 1069 2314 melius,
1080 2253 1233 2312 eligendum
1253 2255 1296 2302 est.

203 2324 295 2373 malum
323 2323 462 2382 coniugium
482 2321 541 2382 quid
559 2323 597 2370 est
607 2355 621 2381 ,
635 2321 732 2381 quaudo
758 2326 843 2385 ltaque
853 2337 904 2372 uon
912 2323 1062 2384 imponitur,
1073 2323 1118 2370 sed
1129 2323 1296 2384 praeponitur.

201 2393 328 2453 nequeunt
342 2392 489 2442 seinvicem
504 2391 670 2449 sanctificare,
689 2390 732 2438 sed
757 2394 787 2440 ut
798 2393 853 2440 ideo
862 2393 926 2440 bene
937 2393 1065 2452 Apostolus
1081 2391 1169 2438 dixit:
1182 2395 1219 2440 De
1230 2394 1298 2452 cirpi-

202 2461 322 2522 perderet
736 2475 739 2479 ·
758 2463 825 2510 nilne
833 2464 973 2523 preceptum
981 2462 1136 2508 Domininon
1148 2461 1237 2518 liabeo,
1246 2474 1299 2507 con

231 2531 271 2584 70.
282 2531 330 2579 Sed
341 2531 367 2579 ut
377 2531 408 2578 ad
418 2531 523 2591 gratiam
533 2530 633 2580 virtutis
644 2530 732 2578 viduas
757 2532 835 2579 silium
846 2533 925 2577 antem
935 2532 973 2577 do.
985 2529 1082 2576 Etenim
1102 2530 1264 2588 praeceptum
1275 2529 1298 2574 iu

202 2599 373 2659 adhortamur,
390 2601 425 2649 ita
444 2601 562 2648 etiamad
578 2597 732 2648 Ecclesiasti·
757 2599 868 2646 subditos
875 2600 963 2658 fertur,
973 2598 1104 2646 eonsilium
1112 2600 1208 2646 amieis
1217 2599 1296 2646 datur.

202 2679 255 2714 caru
266 2668 421 2727 disciplinam
439 2668 544 2716 feminas
555 2677 730 2727 provocamus;
757 2667 805 2713 Ubi
825 2666 975 2726 praeceptum
995 2667 1045 2724 est,
1064 2666 1099 2711 ibi
1124 2666 1173 2714 lex
1186 2669 1225 2714 est
1240 2666 1298 2712 :ubi

101 2779 103 2782 ,
201 2737 259 2795 quia
270 2739 377 2785 Ecclesia
387 2738 480 2784 constat
489 2750 521 2783 ex
531 2737 654 2783 omnibus.
664 2734 732 2782 Licet
758 2736 902 2794 consillum,
924 2734 959 2781 ibi
971 2734 1047 2792 gratia
1058 2734 1105 2780 est.
1124 2735 1298 2795 Praeceptum‚

201 2805 290 2853 Christi
302 2807 468 2865 grex,tameu
479 2806 505 2852 in
514 2805 568 2851 aliis
579 2805 669 2864 pabulo
678 2815 733 2852 ves·
757 2805 784 2851 ut
801 2803 832 2850 ad
847 2806 960 2850 naturam
976 2802 1093 2849 revocet:
1106 2804 1248 2849 eonsilium
1257 2835 1264 2860 ,
1274 2803 1301 2848 nt

201 2874 280 2934 citur,
290 2876 316 2920 in
324 2875 379 2920 aliis
388 2875 538 2921 adbuclaote
546 2873 667 2932 nutritum
677 2875 733 2933 qui·
757 2873 787 2919 ad
797 2871 1029 2932 gratiamprovocet.
1037 2869 1133 2917 Etideo
1142 2872 1201 2917 Lex
1208 2871 1300 2917 ludaeis

201 2937 247 2990 bus
253 2943 305 3003 lupi
314 2943 352 2990 illi
362 2943 405 3002 qui
414 2943 492 2991 latent
500 2943 627 2991 inrestitn
637 2943 731 3004 ovium,
758 2941 807 2986 lata
817 2941 868 2998 est,
880 2938 958 2998 gratia
976 2938 1058 2985 autem
1074 2937 1245 2985 electioribus
1262 2951 1300 2984 re-

201 3012 258 3058 suut
267 3011 732 3071 carendi,abstinentiaespeciemprae-
757 3009 853 3057 servata
863 3008 919 3054 esta
936 3009 1001 3065 Lex,
1012 3007 1040 3053 ut
1055 3005 1184 3054 amaturae
1206 3006 1298 3055 linibus

201 3078 345 3135 tendentes,
365 3079 524 3137 provocantes
543 3080 625 3125 autem
642 3079 732 3125 intem·
757 3079 836 3137 cnlpae
846 3077 927 3124 studio
935 3074 1091 3133 demeantes,
1101 3074 1136 3121 ad
1147 3075 1248 3123 naturae
1259 3076 1299 3121 ob

202 3145 320 3203 perantiae
331 3144 642 3204 foeditatemliteuimquia
651 3147 732 3196 sciunt
757 3145 906 3195 servantiam
931 3156 1010 3203 poenan
1029 3143 1126 3190 terrore
1147 3146 1297 3191 revocaret:

202 3213 283 3260 valida
291 3225 365 3260 onera
376 3212 509 3272 castitatis3
525 3225 580 3259 oum
590 3213 637 3272 ipsi
649 3225 678 3260 ea
689 3215 733 3261 ad·
757 3215 834 3275 gratia
854 3214 951 3270 antem,
973 3212 1002 3259 ut
1024 3212 1117 3258 electos
1141 3224 1204 3258 curn
1222 3212 1302 3260 studio

202 3281 296 3341 tingere
315 3281 425 3341 digitulis
441 3293 491 3328 non
510 3283 614 3342 queant,
633 3282 664 3328 ab
676 3284 731 3331 aliis
758 3282 948 3342 bonorum,tum
958 3279 1090 3339 propositis
1097 3279 1183 3328 etiam
1193 3280 1302 3342 praemiis

201 3350 566 3414 supramodumexiguut,cum
575 3351 623 3411 ipsi
632 3364 732 3401 servare
759 3352 914 3413 provocaret.
1289 3344 1292 3349 ’

107 3443 109 3446 >
202 3433 247 3472 nec
267 3421 367 3470 modum
387 3421 492 3481 possint,
513 3420 556 3468 sed
577 3420 669 3478 iniusto
687 3423 732 3468 sub
788 3424 826 3470 73.
838 3424 874 3468 Eu
892 3419 1068 3468 tibidistautin
1084 3421 1215 3481 praeeepti
1228 3421 1303 3482 atque

202 3488 733 3538 fascesuccumbantlleusuraenimoneris
759 3490 868 3549 consilii,
890 3490 910 3536 si
935 3489 1008 3536 illum
1031 3488 1192 3549 recorderis,
1216 3491 1260 3537 eni
1281 3489 1305 3534 iu

201 3570 245 3618 pro
255 3570 368 3606 mensura
378 3556 453 3604 debet
463 3568 516 3603 esse
527 3556 659 3615 gestantis,
671 3558 733 3604 alio·
758 3557 887 3618 Evangelio
901 3558 958 3604 ante
976 3555 1162 3616 prescribitur,
1175 3572 1210 3606 ne
1222 3557 1305 3606 horni-

201 3627 262 3687 quiu
272 3625 380 3686 impositi
388 3624 470 3672 oneris
480 3624 513 3671 sit
522 3623 608 3683 ruina,
621 3625 664 3671 ubi
674 3639 732 3673 vec·
759 3627 851 3674 cidinm
862 3624 1156 3684 iaciat,neadulteriu1n
1168 3627 1304 3682 admittat,

204 3695 261 3741 toris
274 3694 402 3741 infirmitas
414 3693 465 3752 est3
485 3704 542 3739 nam
557 3693 584 3740 et
601 3692 733 3741 infantium
758 3708 790 3742 ne
801 3695 889 3741 falsum
909 3692 1078 3740 testimouium
1091 3691 1182 3742 dicati
1197 3707 1309 3755 praecep

203 3761 286 3810 lauces
296 3762 431 3821 strangulat
444 3773 499 3808 esca
510 3760 640 3808 robustior.
759 3763 811 3809 tum
822 3762 915 3808 etenim
927 3760 961 3806 ibi
974 3759 1026 3816 est,
1037 3759 1082 3804 ubi
1100 3761 1143 3806 est
1156 3775 1239 3820 poena
1250 3774 1309 3822 pee-

234 3832 273 3877 7l.
285 3832 315 3878 nt
324 3832 381 3880 ideo
391 3832 455 3880 sicin
463 3830 594 3879 multitudo
604 3829 732 3878 vectorum
760 3829 817 3876 eati.
837 3829 868 3875 At
882 3837 941 3875 vero
962 3837 1018 3872 cnm
1035 3837 1062 3872 se
1081 3829 1219 3887 praecepta
1240 3829 1310 3887 Legis

204 3909 254 3944 nou
270 3911 403 3957 paucorum
415 3899 511 3948 viribus
527 3898 676 3958 aestimatur,
688 3912 734 3945 nec
759 3895 918 3944 memorasset
927 3895 1056 3954 implesse,
1069 3894 1218 3944 consilium
1228 3899 1310 3947 eidem

204 3966 285 4014 hmcu
293 3967 433 4016 tortioribus
441 3968 472 4015 de
480 3969 583 4017 aliorum
592 3966 734 4014 infirmitate
761 3965 845 4023 datur,
866 3965 895 4011 nt
909 3961 1000 4012 vendat
1017 3961 1118 4029 omnia,
1140 3964 1171 4010 et
1191 3966 1312 4026 sequatur

207 4032 385 4097 prescribitur,
404 4034 447 4083 sed
464 4035 599 4094 unicnique
615 4032 733 4095 quantum
761 4029 1044 4090 Dominum3l1aeceni1n
1055 4035 1258 4096 uonpraeoepto
1271 4036 1313 4082 im·

74 4370 236 4528 ’ἱ
325 4562 329 4567 ,
