<?xml version="1.0" encoding="UTF-8"?>
<!DOCTYPE html PUBLIC "-//W3C//DTD XHTML 1.0 Transitional//EN"
    "http://www.w3.org/TR/xhtml1/DTD/xhtml1-transitional.dtd">
<html xmlns="http://www.w3.org/1999/xhtml" xml:lang="en" lang="en">
 <head>
  <title>
</title>
<meta http-equiv="Content-Type" content="text/html;charset=utf-8" />
  <meta name='ocr-system' content='tesseract 3.04.00' />
  <meta name='ocr-capabilities' content='ocr_page ocr_carea ocr_par ocr_line ocrx_word'/>
</head>
<body>
  <div class='ocr_page' id='page_1' title='image "./operaomnia01ambrgoog/operaomnia01ambrgoog_0132.png"; bbox 0 0 2752 4814; ppageno 0'>
   <div class='ocr_carea' id='block_1_1' title="bbox 357 376 1260 449">
    <p class='ocr_par' dir='ltr' id='par_1_1' title="bbox 357 376 1260 449">
     <span class='ocr_line' id='line_1_1' title="bbox 357 376 1260 449; baseline 0.006 -8"><span class='ocrx_word' id='word_1_1' title='bbox 357 394 1020 449; x_wconf 75' lang='lat' dir='ltr'>axsosrrroinnuremnrnnanncruus.</span> <span class='ocrx_word' id='word_1_2' title='bbox 1189 376 1260 446; x_wconf 64' lang='grc' dir='ltr'>ιιι</span> 
     </span>
    </p>
   </div>
   <div class='ocr_carea' id='block_1_2' title="bbox 85 474 1232 2857">
    <p class='ocr_par' dir='ltr' id='par_1_2' title="bbox 85 474 1232 2857">
     <span class='ocr_line' id='line_1_2' title="bbox 85 474 1232 543; baseline 0.003 -16"><span class='ocrx_word' id='word_1_3' title='bbox 85 512 90 527; x_wconf 89' lang='grc'><em>,</em></span> <span class='ocrx_word' id='word_1_4' title='bbox 148 474 196 525; x_wconf 82' lang='lat' dir='ltr'>sed</span> <span class='ocrx_word' id='word_1_5' title='bbox 208 476 362 527; x_wconf 75' lang='lat' dir='ltr'>cinominus</span> <span class='ocrx_word' id='word_1_6' title='bbox 371 478 481 538; x_wconf 83' lang='lat' dir='ltr'>pendam</span> <span class='ocrx_word' id='word_1_7' title='bbox 499 479 526 527; x_wconf 92' lang='lat' dir='ltr'>in</span> <span class='ocrx_word' id='word_1_8' title='bbox 536 478 677 538; x_wconf 87' lang='lat' dir='ltr'>cruce‚qul</span> <span class='ocrx_word' id='word_1_9' title='bbox 702 478 816 528; x_wconf 81' lang='lat' dir='ltr'>salutent.</span> <span class='ocrx_word' id='word_1_10' title='bbox 829 482 876 529; x_wconf 78' lang='lat' dir='ltr'>Aut</span> <span class='ocrx_word' id='word_1_11' title='bbox 887 483 988 530; x_wconf 83' lang='lat' dir='ltr'>tortasse</span> <span class='ocrx_word' id='word_1_12' title='bbox 1008 481 1067 543; x_wconf 81' lang='lat' dir='ltr'>quis</span> <span class='ocrx_word' id='word_1_13' title='bbox 1086 485 1232 541; x_wconf 70' lang='lat' dir='ltr'>cognoverat</span> 
     </span>
     <span class='ocr_line' id='line_1_3' title="bbox 148 546 1230 608; baseline 0.003 -16"><span class='ocrx_word' id='word_1_14' title='bbox 148 557 191 593; x_wconf 85' lang='lat' dir='ltr'>sua</span> <span class='ocrx_word' id='word_1_15' title='bbox 208 547 319 607; x_wconf 83' lang='lat' dir='ltr'>pericula</span> <span class='ocrx_word' id='word_1_16' title='bbox 330 548 511 608; x_wconf 89' lang='lat' dir='ltr'>contemneret,</span> <span class='ocrx_word' id='word_1_17' title='bbox 524 548 566 608; x_wconf 93' lang='lat' dir='ltr'>pio</span> <span class='ocrx_word' id='word_1_18' title='bbox 574 547 677 595; x_wconf 87' lang='lat' dir='ltr'>matrem</span> <span class='ocrx_word' id='word_1_19' title='bbox 702 557 747 604; x_wconf 89' lang='lat' dir='ltr'>per</span> <span class='ocrx_word' id='word_1_20' title='bbox 754 546 811 594; x_wconf 84' lang='lat' dir='ltr'>Filii</span> <span class='ocrx_word' id='word_1_21' title='bbox 822 549 925 596; x_wconf 89' lang='lat' dir='ltr'>mortem</span> <span class='ocrx_word' id='word_1_22' title='bbox 936 549 1024 604; x_wconf 88' lang='lat' dir='ltr'>mundi</span> <span class='ocrx_word' id='word_1_23' title='bbox 1035 546 1211 597; x_wconf 70' lang='lat' dir='ltr'>redemtionem</span> <span class='ocrx_word' id='word_1_24' title='bbox 1222 583 1230 608; x_wconf 93' lang='lat'>,</span> 
     </span>
     <span class='ocr_line' id='line_1_4' title="bbox 147 614 1231 676; baseline 0 -14"><span class='ocrx_word' id='word_1_25' title='bbox 147 616 333 673; x_wconf 79' lang='lat' dir='ltr'><strong>commendabat</strong></span> <span class='ocrx_word' id='word_1_26' title='bbox 344 617 441 666; x_wconf 78' lang='lat' dir='ltr'>attactu.</span> <span class='ocrx_word' id='word_1_27' title='bbox 454 618 525 676; x_wconf 83' lang='lat' dir='ltr'>Quod</span> <span class='ocrx_word' id='word_1_28' title='bbox 540 629 590 665; x_wconf 88' lang='lat' dir='ltr'>non</span> <span class='ocrx_word' id='word_1_29' title='bbox 600 616 677 664; x_wconf 86' lang='lat' dir='ltr'>otiose</span> <span class='ocrx_word' id='word_1_30' title='bbox 703 614 759 660; x_wconf 87' lang='lat' dir='ltr'>aula</span> <span class='ocrx_word' id='word_1_31' title='bbox 778 615 867 676; x_wconf 72' lang='lat' dir='ltr'>regalis</span> <span class='ocrx_word' id='word_1_32' title='bbox 884 617 987 674; x_wconf 86' lang='lat' dir='ltr'>putabat</span> <span class='ocrx_word' id='word_1_33' title='bbox 1004 629 1031 664; x_wconf 90' lang='lat' dir='ltr'>se</span> <span class='ocrx_word' id='word_1_34' title='bbox 1048 615 1074 665; x_wconf 86' lang='lat' dir='ltr'>et</span> <span class='ocrx_word' id='word_1_35' title='bbox 1093 627 1136 662; x_wconf 90' lang='lat' dir='ltr'>sua</span> <span class='ocrx_word' id='word_1_36' title='bbox 1152 619 1231 663; x_wconf 88' lang='lat' dir='ltr'>morte</span> 
     </span>
     <span class='ocr_line' id='line_1_5' title="bbox 146 681 1231 744; baseline 0 -16"><span class='ocrx_word' id='word_1_37' title='bbox 146 681 269 730; x_wconf 89' lang='lat' dir='ltr'>lohannes</span> <span class='ocrx_word' id='word_1_38' title='bbox 278 683 390 744; x_wconf 86' lang='lat' dir='ltr'>pluribus</span> <span class='ocrx_word' id='word_1_39' title='bbox 407 685 551 743; x_wconf 84' lang='lat' dir='ltr'>prosecutus</span> <span class='ocrx_word' id='word_1_40' title='bbox 570 684 623 744; x_wconf 70' lang='lat' dir='ltr'>cst,</span> <span class='ocrx_word' id='word_1_41' title='bbox 633 683 677 732; x_wconf 89' lang='lat' dir='ltr'>alii</span> <span class='ocrx_word' id='word_1_42' title='bbox 701 681 802 738; x_wconf 88' lang='lat' dir='ltr'>publico</span> <span class='ocrx_word' id='word_1_43' title='bbox 812 683 910 730; x_wconf 87' lang='lat' dir='ltr'>muneri</span> <span class='ocrx_word' id='word_1_44' title='bbox 919 682 1014 744; x_wconf 83' lang='lat' dir='ltr'>aliquid</span> <span class='ocrx_word' id='word_1_45' title='bbox 1024 683 1170 731; x_wconf 87' lang='lat' dir='ltr'>addituram.</span> <span class='ocrx_word' id='word_1_46' title='bbox 1181 681 1231 729; x_wconf 80' lang='lat' dir='ltr'>Sed</span> 
     </span>
     <span class='ocr_line' id='line_1_6' title="bbox 114 749 1232 813; baseline 0.001 -17"><span class='ocrx_word' id='word_1_47' title='bbox 114 799 118 803; x_wconf 62' lang='grc'>,</span> <span class='ocrx_word' id='word_1_48' title='bbox 146 751 215 801; x_wconf 86' lang='lat' dir='ltr'>enim</span> <span class='ocrx_word' id='word_1_49' title='bbox 227 753 506 813; x_wconf 73' lang='lat' dir='ltr'>mundumdsseripssre</span> <span class='ocrx_word' id='word_1_50' title='bbox 518 765 676 810; x_wconf 73' lang='lat' dir='ltr'>conensem,</span> <span class='ocrx_word' id='word_1_51' title='bbox 701 749 772 797; x_wconf 85' lang='lat' dir='ltr'>lesus</span> <span class='ocrx_word' id='word_1_52' title='bbox 782 761 831 798; x_wconf 90' lang='lat' dir='ltr'>non</span> <span class='ocrx_word' id='word_1_53' title='bbox 850 751 938 810; x_wconf 65' lang='lat' dir='ltr'>egebat</span> <span class='ocrx_word' id='word_1_54' title='bbox 955 751 1067 810; x_wconf 84' lang='lat' dir='ltr'>adjutore</span> <span class='ocrx_word' id='word_1_55' title='bbox 1077 751 1109 798; x_wconf 92' lang='lat' dir='ltr'>ad</span> <span class='ocrx_word' id='word_1_56' title='bbox 1119 750 1232 799; x_wconf 88' lang='lat' dir='ltr'>omnium</span> 
     </span>
     <span class='ocr_line' id='line_1_7' title="bbox 146 818 1231 882; baseline 0.001 -16"><span class='ocrx_word' id='word_1_57' title='bbox 146 820 238 868; x_wconf 89' lang='lat' dir='ltr'>eoelum</span> <span class='ocrx_word' id='word_1_58' title='bbox 258 821 367 870; x_wconf 88' lang='lat' dir='ltr'>tenebris</span> <span class='ocrx_word' id='word_1_59' title='bbox 386 822 534 882; x_wconf 88' lang='lat' dir='ltr'>abductum,</span> <span class='ocrx_word' id='word_1_60' title='bbox 557 819 676 880; x_wconf 71' lang='lat' dir='ltr'>refugisse</span> <span class='ocrx_word' id='word_1_61' title='bbox 700 818 894 879; x_wconf 72' lang='lat' dir='ltr'>redemtionem,</span> <span class='ocrx_word' id='word_1_62' title='bbox 913 819 957 879; x_wconf 87' lang='lat' dir='ltr'>qai</span> <span class='ocrx_word' id='word_1_63' title='bbox 974 820 1039 870; x_wconf 84' lang='lat' dir='ltr'>dixit</span> <span class='ocrx_word' id='word_1_64' title='bbox 1056 833 1063 866; x_wconf 84' lang='lat' dir='ltr'>r</span> <span class='ocrx_word' id='word_1_65' title='bbox 1078 821 1164 871; x_wconf 74' lang='lat' dir='ltr'>Factus</span> <span class='ocrx_word' id='word_1_66' title='bbox 1178 832 1231 867; x_wconf 86' lang='lat' dir='ltr'>sum</span> 
     </span>
     <span class='ocr_line' id='line_1_8' title="bbox 144 888 1231 953; baseline -0.002 -15"><span class='ocrx_word' id='word_1_67' title='bbox 144 890 231 938; x_wconf 82' lang='lat' dir='ltr'>solens.</span> <span class='ocrx_word' id='word_1_68' title='bbox 239 891 391 940; x_wconf 76' lang='lat' dir='ltr'>Addiderunt</span> <span class='ocrx_word' id='word_1_69' title='bbox 401 893 530 941; x_wconf 83' lang='lat' dir='ltr'>blatthasns</span> <span class='ocrx_word' id='word_1_70' title='bbox 538 892 564 940; x_wconf 87' lang='lat' dir='ltr'>et</span> <span class='ocrx_word' id='word_1_71' title='bbox 571 893 675 953; x_wconf 81' lang='lat' dir='ltr'>Marcus,</span> <span class='ocrx_word' id='word_1_72' title='bbox 699 888 758 937; x_wconf 69' lang='lat' dir='ltr'>aaa</span> <span class='ocrx_word' id='word_1_73' title='bbox 768 888 837 938; x_wconf 80' lang='lat' dir='ltr'>lsomo</span> <span class='ocrx_word' id='word_1_74' title='bbox 848 892 897 938; x_wconf 83' lang='lat' dir='ltr'>siae</span> <span class='ocrx_word' id='word_1_75' title='bbox 908 889 1040 948; x_wconf 74' lang='lat' dir='ltr'>adjutorio,</span> <span class='ocrx_word' id='word_1_76' title='bbox 1051 891 1113 938; x_wconf 82' lang='lat' dir='ltr'>ieter</span> <span class='ocrx_word' id='word_1_77' title='bbox 1126 891 1231 936; x_wconf 76' lang='lat' dir='ltr'>mortuos</span> 
     </span>
     <span class='ocr_line' id='line_1_9' title="bbox 146 955 1230 1020; baseline 0.002 -17"><span class='ocrx_word' id='word_1_78' title='bbox 146 958 190 1016; x_wconf 87' lang='lat' dir='ltr'>qui</span> <span class='ocrx_word' id='word_1_79' title='bbox 202 959 307 1007; x_wconf 89' lang='lat' dir='ltr'>humana</span> <span class='ocrx_word' id='word_1_80' title='bbox 316 960 390 1020; x_wconf 85' lang='lat' dir='ltr'>atqua</span> <span class='ocrx_word' id='word_1_81' title='bbox 400 959 502 1007; x_wconf 87' lang='lat' dir='ltr'>moralia</span> <span class='ocrx_word' id='word_1_82' title='bbox 512 959 613 1008; x_wconf 89' lang='lat' dir='ltr'>uberius</span> <span class='ocrx_word' id='word_1_83' title='bbox 620 971 676 1020; x_wconf 90' lang='lat' dir='ltr'>pro-</span> <span class='ocrx_word' id='word_1_84' title='bbox 700 955 766 1005; x_wconf 81' lang='lat' dir='ltr'>liber.</span> <span class='ocrx_word' id='word_1_85' title='bbox 777 956 891 1018; x_wconf 82' lang='lat' dir='ltr'>Suscepit</span> <span class='ocrx_word' id='word_1_86' title='bbox 898 957 1000 1018; x_wconf 85' lang='lat' dir='ltr'>quidem</span> <span class='ocrx_word' id='word_1_87' title='bbox 1006 957 1090 1007; x_wconf 86' lang='lat' dir='ltr'>matris</span> <span class='ocrx_word' id='word_1_88' title='bbox 1101 957 1230 1016; x_wconf 75' lang='lat' dir='ltr'>allectum,</span> 
     </span>
     <span class='ocr_line' id='line_1_10' title="bbox 94 1025 1229 1088; baseline 0.007 -23"><span class='ocrx_word' id='word_1_89' title='bbox 94 1061 97 1065; x_wconf 89' lang='lat'>.</span> <span class='ocrx_word' id='word_1_90' title='bbox 145 1026 225 1073; x_wconf 72' lang='lat' dir='ltr'>secuti</span> <span class='ocrx_word' id='word_1_91' title='bbox 236 1029 294 1075; x_wconf 69' lang='lat' dir='ltr'>sunt</span> <span class='ocrx_word' id='word_1_92' title='bbox 301 1040 309 1075; x_wconf 65' lang='grc' dir='ltr'>ς</span> <span class='ocrx_word' id='word_1_93' title='bbox 320 1030 399 1086; x_wconf 69' lang='lat' dir='ltr'>Dm,</span> <span class='ocrx_word' id='word_1_94' title='bbox 419 1032 482 1077; x_wconf 71' lang='lat' dir='ltr'>Deus</span> <span class='ocrx_word' id='word_1_95' title='bbox 492 1042 572 1087; x_wconf 71' lang='lat' dir='ltr'>meus,</span> <span class='ocrx_word' id='word_1_96' title='bbox 589 1030 675 1088; x_wconf 74' lang='lat' dir='ltr'>respice</span> <span class='ocrx_word' id='word_1_97' title='bbox 699 1025 743 1072; x_wconf 71' lang='lat' dir='ltr'>sed</span> <span class='ocrx_word' id='word_1_98' title='bbox 760 1039 808 1074; x_wconf 81' lang='lat' dir='ltr'>lion</span> <span class='ocrx_word' id='word_1_99' title='bbox 828 1027 942 1087; x_wconf 78' lang='lat' dir='ltr'>qllaesivtt</span> <span class='ocrx_word' id='word_1_100' title='bbox 968 1025 1077 1074; x_wconf 73' lang='lat' dir='ltr'>homiliis</span> <span class='ocrx_word' id='word_1_101' title='bbox 1097 1025 1229 1078; x_wconf 62' lang='lat' dir='ltr'>auxilium,</span> 
     </span>
     <span class='ocr_line' id='line_1_11' title="bbox 144 1092 1229 1157; baseline 0 -17"><span class='ocrx_word' id='word_1_102' title='bbox 144 1095 170 1140; x_wconf 86' lang='lat' dir='ltr'>ia</span> <span class='ocrx_word' id='word_1_103' title='bbox 181 1108 216 1142; x_wconf 89' lang='lat' dir='ltr'>me</span> <span class='ocrx_word' id='word_1_104' title='bbox 227 1110 235 1142; x_wconf 84' lang='lat'>.-</span> <span class='ocrx_word' id='word_1_105' title='bbox 245 1109 318 1156; x_wconf 81' lang='lat' dir='ltr'>quere</span> <span class='ocrx_word' id='word_1_106' title='bbox 328 1109 364 1145; x_wconf 88' lang='lat' dir='ltr'>me</span> <span class='ocrx_word' id='word_1_107' title='bbox 375 1097 530 1157; x_wconf 64' lang='lat' dir='ltr'>dereliquisti?</span> <span class='ocrx_word' id='word_1_108' title='bbox 541 1098 569 1144; x_wconf 90' lang='lat' dir='ltr'>ut</span> <span class='ocrx_word' id='word_1_109' title='bbox 579 1098 611 1145; x_wconf 89' lang='lat' dir='ltr'>ad</span> <span class='ocrx_word' id='word_1_110' title='bbox 618 1109 675 1144; x_wconf 89' lang='lat' dir='ltr'>cru-</span> <span class='ocrx_word' id='word_1_111' title='bbox 700 1092 824 1142; x_wconf 75' lang='lat' dir='ltr'>Habemus</span> <span class='ocrx_word' id='word_1_112' title='bbox 843 1096 921 1154; x_wconf 70' lang='lat' dir='ltr'>igitur</span> <span class='ocrx_word' id='word_1_113' title='bbox 945 1092 1046 1155; x_wconf 83' lang='lat' dir='ltr'>pietatis</span> <span class='ocrx_word' id='word_1_114' title='bbox 1066 1093 1209 1152; x_wconf 76' lang='lat' dir='ltr'>magistrum</span> <span class='ocrx_word' id='word_1_115' title='bbox 1221 1105 1229 1141; x_wconf 82' lang='lat' dir='ltr'>s</span> 
     </span>
     <span class='ocr_line' id='line_1_12' title="bbox 144 1160 1231 1224; baseline 0.002 -16"><span class='ocrx_word' id='word_1_116' title='bbox 144 1173 200 1208; x_wconf 84' lang='lat' dir='ltr'>cens</span> <span class='ocrx_word' id='word_1_117' title='bbox 216 1163 306 1212; x_wconf 82' lang='lat' dir='ltr'>Christi</span> <span class='ocrx_word' id='word_1_118' title='bbox 328 1164 511 1224; x_wconf 76' lang='lat' dir='ltr'>susceptionem</span> <span class='ocrx_word' id='word_1_119' title='bbox 530 1167 674 1223; x_wconf 81' lang='lat' dir='ltr'>pervenisse</span> <span class='ocrx_word' id='word_1_120' title='bbox 699 1160 771 1210; x_wconf 91' lang='lat' dir='ltr'>docet</span> <span class='ocrx_word' id='word_1_121' title='bbox 781 1163 854 1211; x_wconf 89' lang='lat' dir='ltr'>lectio</span> <span class='ocrx_word' id='word_1_122' title='bbox 862 1163 923 1224; x_wconf 87' lang='lat' dir='ltr'>quid</span> <span class='ocrx_word' id='word_1_123' title='bbox 931 1161 1231 1212; x_wconf 82' lang='lat' dir='ltr'>maternusdebeataiiec·</span> 
     </span>
     <span class='ocr_line' id='line_1_13' title="bbox 143 1228 1231 1292; baseline -0.004 -14"><span class='ocrx_word' id='word_1_124' title='bbox 143 1231 450 1280; x_wconf 88' lang='lat' dir='ltr'>crederemuscondiiionis</span> <span class='ocrx_word' id='word_1_125' title='bbox 461 1232 584 1279; x_wconf 82' lang='lat' dir='ltr'>humanae.</span> <span class='ocrx_word' id='word_1_126' title='bbox 597 1233 675 1280; x_wconf 82' lang='lat' dir='ltr'>Lucas</span> <span class='ocrx_word' id='word_1_127' title='bbox 700 1228 739 1275; x_wconf 89' lang='lat' dir='ltr'>tus</span> <span class='ocrx_word' id='word_1_128' title='bbox 749 1230 855 1291; x_wconf 87' lang='lat' dir='ltr'>imitari,</span> <span class='ocrx_word' id='word_1_129' title='bbox 865 1232 926 1292; x_wconf 84' lang='lat' dir='ltr'>quid</span> <span class='ocrx_word' id='word_1_130' title='bbox 936 1231 1005 1291; x_wconf 89' lang='lat' dir='ltr'>sequi</span> <span class='ocrx_word' id='word_1_131' title='bbox 1015 1229 1155 1279; x_wconf 83' lang='lat' dir='ltr'>reverentia</span> <span class='ocrx_word' id='word_1_132' title='bbox 1165 1228 1231 1275; x_wconf 87' lang='lat' dir='ltr'>tilio-</span> 
     </span>
     <span class='ocr_line' id='line_1_14' title="bbox 111 1298 1230 1359; baseline 0 -15"><span class='ocrx_word' id='word_1_133' title='bbox 111 1298 113 1315; x_wconf 75' lang='lat'><em>*</em></span> <span class='ocrx_word' id='word_1_134' title='bbox 143 1300 229 1346; x_wconf 89' lang='lat' dir='ltr'>autern</span> <span class='ocrx_word' id='word_1_135' title='bbox 250 1301 391 1359; x_wconf 80' lang='lat' dir='ltr'>competere</span> <span class='ocrx_word' id='word_1_136' title='bbox 417 1299 545 1347; x_wconf 82' lang='lat' dir='ltr'>evidenter</span> <span class='ocrx_word' id='word_1_137' title='bbox 566 1301 676 1349; x_wconf 78' lang='lat' dir='ltr'>adseruit</span> <span class='ocrx_word' id='word_1_138' title='bbox 699 1309 768 1356; x_wconf 86' lang='lat' dir='ltr'>rum;</span> <span class='ocrx_word' id='word_1_139' title='bbox 780 1300 809 1346; x_wconf 90' lang='lat' dir='ltr'>ut</span> <span class='ocrx_word' id='word_1_140' title='bbox 819 1300 869 1349; x_wconf 82' lang='lat' dir='ltr'>illae</span> <span class='ocrx_word' id='word_1_141' title='bbox 879 1300 1053 1348; x_wconf 83' lang='lat' dir='ltr'>seoffamntin</span> <span class='ocrx_word' id='word_1_142' title='bbox 1065 1299 1173 1346; x_wconf 89' lang='lat' dir='ltr'>tiliorum</span> <span class='ocrx_word' id='word_1_143' title='bbox 1184 1309 1230 1356; x_wconf 89' lang='lat' dir='ltr'>pe·</span> 
     </span>
     <span class='ocr_line' id='line_1_15' title="bbox 143 1364 1230 1427; baseline -0.001 -15"><span class='ocrx_word' id='word_1_144' title='bbox 143 1366 234 1414; x_wconf 79' lang='lat' dir='ltr'>labeni</span> <span class='ocrx_word' id='word_1_145' title='bbox 242 1369 340 1417; x_wconf 87' lang='lat' dir='ltr'>reniam</span> <span class='ocrx_word' id='word_1_146' title='bbox 347 1367 674 1417; x_wconf 86' lang='lat' dir='ltr'>sacerdotaliiniereessione</span> <span class='ocrx_word' id='word_1_147' title='bbox 699 1364 798 1425; x_wconf 90' lang='lat' dir='ltr'>riculis,</span> <span class='ocrx_word' id='word_1_148' title='bbox 814 1367 865 1416; x_wconf 90' lang='lat' dir='ltr'>iliis</span> <span class='ocrx_word' id='word_1_149' title='bbox 879 1367 985 1427; x_wconf 89' lang='lat' dir='ltr'>amplius</span> <span class='ocrx_word' id='word_1_150' title='bbox 1000 1367 1105 1416; x_wconf 89' lang='lat' dir='ltr'>solitudo</span> <span class='ocrx_word' id='word_1_151' title='bbox 1118 1367 1230 1415; x_wconf 85' lang='lat' dir='ltr'>materna</span> 
     </span>
     <span class='ocr_line' id='line_1_16' title="bbox 144 1434 1197 1496; baseline -0.002 -14"><span class='ocrx_word' id='word_1_152' title='bbox 144 1435 273 1494; x_wconf 89' lang='lat' dir='ltr'>donatam,</span> <span class='ocrx_word' id='word_1_153' title='bbox 282 1436 308 1483; x_wconf 90' lang='lat' dir='ltr'>et</span> <span class='ocrx_word' id='word_1_154' title='bbox 316 1435 408 1483; x_wconf 83' lang='lat' dir='ltr'>ludaeis</span> <span class='ocrx_word' id='word_1_155' title='bbox 417 1437 623 1496; x_wconf 84' lang='lat' dir='ltr'>persequentibus</span> <span class='ocrx_word' id='word_1_156' title='bbox 634 1448 675 1483; x_wconf 91' lang='lat' dir='ltr'>eo-</span> <span class='ocrx_word' id='word_1_157' title='bbox 699 1445 772 1492; x_wconf 85' lang='lat' dir='ltr'>quam</span> <span class='ocrx_word' id='word_1_158' title='bbox 783 1448 833 1483; x_wconf 81' lang='lat' dir='ltr'>sure</span> <span class='ocrx_word' id='word_1_159' title='bbox 843 1438 928 1485; x_wconf 87' lang='lat' dir='ltr'>mortis</span> <span class='ocrx_word' id='word_1_160' title='bbox 938 1436 1056 1484; x_wconf 86' lang='lat' dir='ltr'>nroestitia</span> <span class='ocrx_word' id='word_1_161' title='bbox 1067 1435 1099 1484; x_wconf 88' lang='lat' dir='ltr'>sit</span> <span class='ocrx_word' id='word_1_162' title='bbox 1109 1434 1197 1482; x_wconf 90' lang='lat' dir='ltr'>dolori.</span> 
     </span>
     <span class='ocr_line' id='line_1_17' title="bbox 143 1500 1228 1564; baseline -0.001 -15"><span class='ocrx_word' id='word_1_163' title='bbox 143 1502 200 1551; x_wconf 90' lang='lat' dir='ltr'>dem</span> <span class='ocrx_word' id='word_1_164' title='bbox 212 1515 315 1551; x_wconf 87' lang='lat' dir='ltr'>munere</span> <span class='ocrx_word' id='word_1_165' title='bbox 327 1503 504 1562; x_wconf 75' lang='lat' dir='ltr'>indulgentiam</span> <span class='ocrx_word' id='word_1_166' title='bbox 516 1504 672 1564; x_wconf 86' lang='lat' dir='ltr'>postulatam.</span> <span class='ocrx_word' id='word_1_167' title='bbox 729 1501 781 1549; x_wconf 73' lang='lat'>133.</span> <span class='ocrx_word' id='word_1_168' title='bbox 796 1502 850 1559; x_wconf 82' lang='lat' dir='ltr'>Quo</span> <span class='ocrx_word' id='word_1_169' title='bbox 870 1504 924 1551; x_wconf 89' lang='lat' dir='ltr'>loco</span> <span class='ocrx_word' id='word_1_170' title='bbox 942 1503 1096 1553; x_wconf 87' lang='lat' dir='ltr'>uberrimum</span> <span class='ocrx_word' id='word_1_171' title='bbox 1114 1500 1228 1551; x_wconf 86' lang='lat' dir='ltr'>testimo-</span> 
     </span>
     <span class='ocr_line' id='line_1_18' title="bbox 173 1568 1229 1632; baseline 0.001 -15"><span class='ocrx_word' id='word_1_172' title='bbox 173 1570 673 1632; x_wconf 75' lang='lat' dir='ltr'>iso.iobanneserqoquipleniusdivina</span> <span class='ocrx_word' id='word_1_173' title='bbox 697 1568 767 1618; x_wconf 86' lang='lat' dir='ltr'>nium</span> <span class='ocrx_word' id='word_1_174' title='bbox 776 1571 859 1620; x_wconf 83' lang='lat' dir='ltr'>Mariae</span> <span class='ocrx_word' id='word_1_175' title='bbox 867 1573 1017 1632; x_wconf 77' lang='lat' dir='ltr'>virginitatis</span> <span class='ocrx_word' id='word_1_176' title='bbox 1031 1571 1172 1622; x_wconf 84' lang='lat' dir='ltr'>adhibetur.</span> <span class='ocrx_word' id='word_1_177' title='bbox 1179 1570 1229 1618; x_wconf 86' lang='lat' dir='ltr'>Ne·</span> 
     </span>
     <span class='ocr_line' id='line_1_19' title="bbox 142 1638 1228 1700; baseline 0 -16"><span class='ocrx_word' id='word_1_178' title='bbox 142 1638 285 1698; x_wconf 84' lang='lat' dir='ltr'>penetravit</span> <span class='ocrx_word' id='word_1_179' title='bbox 296 1638 426 1699; x_wconf 85' lang='lat' dir='ltr'>mysteria,</span> <span class='ocrx_word' id='word_1_180' title='bbox 435 1651 484 1686; x_wconf 93' lang='lat' dir='ltr'>non</span> <span class='ocrx_word' id='word_1_181' title='bbox 499 1639 627 1687; x_wconf 87' lang='lat' dir='ltr'>immerite</span> <span class='ocrx_word' id='word_1_182' title='bbox 639 1641 674 1688; x_wconf 86' lang='lat' dir='ltr'>la·</span> <span class='ocrx_word' id='word_1_183' title='bbox 698 1650 747 1696; x_wconf 89' lang='lat' dir='ltr'>que</span> <span class='ocrx_word' id='word_1_184' title='bbox 759 1639 826 1687; x_wconf 88' lang='lat' dir='ltr'>enim</span> <span class='ocrx_word' id='word_1_185' title='bbox 845 1641 974 1700; x_wconf 71' lang='lat' dir='ltr'>abrogatur</span> <span class='ocrx_word' id='word_1_186' title='bbox 985 1653 1048 1690; x_wconf 78' lang='lat' dir='ltr'>uxor</span> <span class='ocrx_word' id='word_1_187' title='bbox 1056 1639 1158 1697; x_wconf 85' lang='lat' dir='ltr'>marite,</span> <span class='ocrx_word' id='word_1_188' title='bbox 1170 1649 1228 1685; x_wconf 85' lang='lat' dir='ltr'>cuns</span> 
     </span>
     <span class='ocr_line' id='line_1_20' title="bbox 142 1705 1230 1770; baseline -0.003 -15"><span class='ocrx_word' id='word_1_189' title='bbox 142 1707 253 1767; x_wconf 86' lang='lat' dir='ltr'>berarii,</span> <span class='ocrx_word' id='word_1_190' title='bbox 272 1709 302 1756; x_wconf 89' lang='lat' dir='ltr'>ut</span> <span class='ocrx_word' id='word_1_191' title='bbox 318 1720 373 1768; x_wconf 83' lang='lat' dir='ltr'>quas</span> <span class='ocrx_word' id='word_1_192' title='bbox 393 1709 476 1755; x_wconf 84' lang='lat' dir='ltr'>Deum</span> <span class='ocrx_word' id='word_1_193' title='bbox 498 1709 673 1768; x_wconf 75' lang='lat' dir='ltr'>generaverat,</span> <span class='ocrx_word' id='word_1_194' title='bbox 697 1705 816 1767; x_wconf 86' lang='lat' dir='ltr'>scriptum</span> <span class='ocrx_word' id='word_1_195' title='bbox 837 1708 870 1757; x_wconf 88' lang='lat' dir='ltr'>sit</span> <span class='ocrx_word' id='word_1_196' title='bbox 891 1721 899 1756; x_wconf 81' lang='lat' dir='ltr'>s</span> <span class='ocrx_word' id='word_1_197' title='bbox 920 1709 986 1770; x_wconf 80' lang='lat' dir='ltr'>Quod</span> <span class='ocrx_word' id='word_1_198' title='bbox 1005 1711 1069 1759; x_wconf 82' lang='lat' dir='ltr'>Deus</span> <span class='ocrx_word' id='word_1_199' title='bbox 1089 1706 1230 1765; x_wconf 70' lang='lat' dir='ltr'>semime,</span> 
     </span>
     <span class='ocr_line' id='line_1_21' title="bbox 142 1773 1231 1837; baseline -0.002 -17"><span class='ocrx_word' id='word_1_200' title='bbox 142 1775 674 1833; x_wconf 71' lang='lat' dir='ltr'>nmnsisseeamrirginemdeclararet.Solus</span> <span class='ocrx_word' id='word_1_201' title='bbox 698 1774 766 1823; x_wconf 85' lang='lat' dir='ltr'>bomo</span> <span class='ocrx_word' id='word_1_202' title='bbox 787 1789 835 1824; x_wconf 78' lang='lat' dir='ltr'>aaa</span> <span class='ocrx_word' id='word_1_203' title='bbox 854 1780 959 1837; x_wconf 61' lang='grc' dir='ltr'>κρατεῖς</span> <span class='ocrx_word' id='word_1_204' title='bbox 982 1776 1026 1823; x_wconf 91' lang='lat' dir='ltr'>sed</span> <span class='ocrx_word' id='word_1_205' title='bbox 1050 1787 1105 1834; x_wconf 89' lang='lat' dir='ltr'>quaa</span> <span class='ocrx_word' id='word_1_206' title='bbox 1126 1773 1231 1833; x_wconf 88' lang='lat' dir='ltr'>propter</span> 
     </span>
     <span class='ocr_line' id='line_1_22' title="bbox 143 1842 1227 1903; baseline -0.003 -14"><span class='ocrx_word' id='word_1_207' title='bbox 143 1854 200 1903; x_wconf 77' lang='lat' dir='ltr'>ergo</span> <span class='ocrx_word' id='word_1_208' title='bbox 207 1857 248 1891; x_wconf 90' lang='lat' dir='ltr'>me</span> <span class='ocrx_word' id='word_1_209' title='bbox 258 1844 343 1903; x_wconf 89' lang='lat' dir='ltr'>docet,</span> <span class='ocrx_word' id='word_1_210' title='bbox 350 1843 517 1903; x_wconf 89' lang='lat' dir='ltr'>quodaliinon</span> <span class='ocrx_word' id='word_1_211' title='bbox 528 1844 673 1902; x_wconf 89' lang='lat' dir='ltr'>docuerunt,</span> <span class='ocrx_word' id='word_1_212' title='bbox 698 1843 842 1902; x_wconf 84' lang='lat' dir='ltr'>mysterium</span> <span class='ocrx_word' id='word_1_213' title='bbox 854 1845 993 1902; x_wconf 77' lang='lat' dir='ltr'>conjuginm</span> <span class='ocrx_word' id='word_1_214' title='bbox 1004 1842 1150 1903; x_wconf 78' lang='lat' dir='ltr'>praetexuit,</span> <span class='ocrx_word' id='word_1_215' title='bbox 1159 1853 1227 1888; x_wconf 92' lang='lat' dir='ltr'>com-</span> 
     </span>
     <span class='ocr_line' id='line_1_23' title="bbox 142 1909 1229 1971; baseline -0.005 -13"><span class='ocrx_word' id='word_1_216' title='bbox 142 1912 348 1971; x_wconf 85' lang='lat' dir='ltr'>qnemadmodum</span> <span class='ocrx_word' id='word_1_217' title='bbox 364 1912 390 1959; x_wconf 90' lang='lat' dir='ltr'>iu</span> <span class='ocrx_word' id='word_1_218' title='bbox 403 1924 476 1959; x_wconf 89' lang='lat' dir='ltr'>cruce</span> <span class='ocrx_word' id='word_1_219' title='bbox 487 1911 582 1970; x_wconf 86' lang='lat' dir='ltr'>positus</span> <span class='ocrx_word' id='word_1_220' title='bbox 591 1913 675 1970; x_wconf 88' lang='lat' dir='ltr'>appel·</span> <span class='ocrx_word' id='word_1_221' title='bbox 698 1910 772 1967; x_wconf 89' lang='lat' dir='ltr'>pletis</span> <span class='ocrx_word' id='word_1_222' title='bbox 783 1911 908 1971; x_wconf 84' lang='lat' dir='ltr'>mysteriis</span> <span class='ocrx_word' id='word_1_223' title='bbox 916 1912 968 1969; x_wconf 81' lang='lat' dir='ltr'>jam</span> <span class='ocrx_word' id='word_1_224' title='bbox 980 1909 1092 1968; x_wconf 72' lang='lat' dir='ltr'>conjugio</span> <span class='ocrx_word' id='word_1_225' title='bbox 1106 1921 1156 1955; x_wconf 91' lang='lat' dir='ltr'>non</span> <span class='ocrx_word' id='word_1_226' title='bbox 1172 1918 1229 1965; x_wconf 72' lang='lat' dir='ltr'>eqo·</span> 
     </span>
     <span class='ocr_line' id='line_1_24' title="bbox 142 1976 1228 2039; baseline -0.001 -16"><span class='ocrx_word' id='word_1_227' title='bbox 142 1977 232 2026; x_wconf 84' lang='lat' dir='ltr'>laverit</span> <span class='ocrx_word' id='word_1_228' title='bbox 253 1979 373 2036; x_wconf 86' lang='lat' dir='ltr'>matrem,</span> <span class='ocrx_word' id='word_1_229' title='bbox 392 1978 471 2036; x_wconf 88' lang='lat' dir='ltr'>pluris</span> <span class='ocrx_word' id='word_1_230' title='bbox 499 1977 592 2036; x_wconf 88' lang='lat' dir='ltr'>putans</span> <span class='ocrx_word' id='word_1_231' title='bbox 610 1977 675 2036; x_wconf 88' lang='lat' dir='ltr'>quod</span> <span class='ocrx_word' id='word_1_232' title='bbox 699 1977 749 2025; x_wconf 87' lang='lat' dir='ltr'>bat.</span> <span class='ocrx_word' id='word_1_233' title='bbox 761 1981 810 2026; x_wconf 79' lang='lat' dir='ltr'>Aut</span> <span class='ocrx_word' id='word_1_234' title='bbox 824 1981 845 2027; x_wconf 91' lang='lat' dir='ltr'>si</span> <span class='ocrx_word' id='word_1_235' title='bbox 860 1979 962 2027; x_wconf 90' lang='lat' dir='ltr'>moralia</span> <span class='ocrx_word' id='word_1_236' title='bbox 973 1979 1114 2039; x_wconf 85' lang='lat' dir='ltr'>sequimur,</span> <span class='ocrx_word' id='word_1_237' title='bbox 1127 1976 1154 2023; x_wconf 93' lang='lat' dir='ltr'>in</span> <span class='ocrx_word' id='word_1_238' title='bbox 1164 1987 1228 2023; x_wconf 85' lang='lat' dir='ltr'>moe-</span> 
     </span>
     <span class='ocr_line' id='line_1_25' title="bbox 143 2043 1026 2107; baseline 0.006 -15"><span class='ocrx_word' id='word_1_239' title='bbox 143 2046 222 2093; x_wconf 82' lang='lat' dir='ltr'>victor</span> <span class='ocrx_word' id='word_1_240' title='bbox 244 2045 421 2105; x_wconf 89' lang='lat' dir='ltr'>suppliciorum</span> <span class='ocrx_word' id='word_1_241' title='bbox 441 2046 515 2104; x_wconf 89' lang='lat' dir='ltr'>alque</span> <span class='ocrx_word' id='word_1_242' title='bbox 531 2057 674 2106; x_wconf 82' lang='lat' dir='ltr'>poenarum,</span> <span class='ocrx_word' id='word_1_243' title='bbox 699 2043 1026 2107; x_wconf 78' lang='lat' dir='ltr'>rore*castitasimperatur.</span> 
     </span>
     <span class='ocr_line' id='line_1_26' title="bbox 143 2113 1226 2180; baseline 0.001 -20"><span class='ocrx_word' id='word_1_244' title='bbox 143 2113 673 2180; x_wconf 77' lang='lat' dir='ltr'>uictordiaboii,pictatisoidciadiridebat3</span> <span class='ocrx_word' id='word_1_245' title='bbox 729 2113 1016 2176; x_wconf 58' lang='lat' dir='ltr'>immansuetorum</span> <span class='ocrx_word' id='word_1_246' title='bbox 1032 2114 1145 2176; x_wconf 90' lang='lat' dir='ltr'>estquod</span> <span class='ocrx_word' id='word_1_247' title='bbox 1159 2125 1226 2162; x_wconf 87' lang='lat' dir='ltr'>corn-</span> 
     </span>
     <span class='ocr_line' id='line_1_27' title="bbox 143 2182 1227 2242; baseline -0.003 -12"><span class='ocrx_word' id='word_1_248' title='bbox 143 2194 218 2241; x_wconf 86' lang='lat' dir='ltr'>quam</span> <span class='ocrx_word' id='word_1_249' title='bbox 235 2182 301 2241; x_wconf 90' lang='lat' dir='ltr'>quod</span> <span class='ocrx_word' id='word_1_250' title='bbox 316 2195 419 2242; x_wconf 78' lang='lat' dir='ltr'>reqnum</span> <span class='ocrx_word' id='word_1_251' title='bbox 437 2183 537 2231; x_wconf 89' lang='lat' dir='ltr'>coeieste</span> <span class='ocrx_word' id='word_1_252' title='bbox 558 2182 671 2230; x_wconf 85' lang='lat' dir='ltr'>donabat.</span> <span class='ocrx_word' id='word_1_253' title='bbox 697 2182 1227 2242; x_wconf 76' lang='lat' dir='ltr'>mendaturlobanniintercaetcrosjuniorie</span> 
     </span>
     <span class='ocr_line' id='line_1_28' title="bbox 142 2250 1226 2312; baseline 0.001 -17"><span class='ocrx_word' id='word_1_254' title='bbox 142 2251 230 2297; x_wconf 86' lang='lat' dir='ltr'>Namsi</span> <span class='ocrx_word' id='word_1_255' title='bbox 237 2251 379 2312; x_wconf 78' lang='lat' dir='ltr'>religiosum</span> <span class='ocrx_word' id='word_1_256' title='bbox 387 2251 495 2310; x_wconf 85' lang='lat' dir='ltr'>estquod</span> <span class='ocrx_word' id='word_1_257' title='bbox 503 2251 591 2299; x_wconf 87' lang='lat' dir='ltr'>latroni</span> <span class='ocrx_word' id='word_1_258' title='bbox 599 2253 672 2300; x_wconf 84' lang='lat' dir='ltr'>venia</span> <span class='ocrx_word' id='word_1_259' title='bbox 697 2252 762 2311; x_wconf 87' lang='lat' dir='ltr'>quod</span> <span class='ocrx_word' id='word_1_260' title='bbox 770 2265 818 2300; x_wconf 90' lang='lat' dir='ltr'>non</span> <span class='ocrx_word' id='word_1_261' title='bbox 828 2255 911 2303; x_wconf 90' lang='lat' dir='ltr'>otiosis</span> <span class='ocrx_word' id='word_1_262' title='bbox 921 2254 1022 2302; x_wconf 86' lang='lat' dir='ltr'>auribus</span> <span class='ocrx_word' id='word_1_263' title='bbox 1032 2253 1152 2300; x_wconf 89' lang='lat' dir='ltr'>debemus</span> <span class='ocrx_word' id='word_1_264' title='bbox 1161 2250 1226 2298; x_wconf 90' lang='lat' dir='ltr'>acci·</span> 
     </span>
     <span class='ocr_line' id='line_1_29' title="bbox 143 2318 1228 2380; baseline -0.004 -14"><span class='ocrx_word' id='word_1_265' title='bbox 143 2318 247 2366; x_wconf 91' lang='lat' dir='ltr'>donatur</span> <span class='ocrx_word' id='word_1_266' title='bbox 266 2332 285 2367; x_wconf 90' lang='lat' dir='ltr'>a</span> <span class='ocrx_word' id='word_1_267' title='bbox 297 2321 413 2379; x_wconf 66' lang='lat' dir='ltr'>murina,</span> <span class='ocrx_word' id='word_1_268' title='bbox 437 2319 514 2368; x_wconf 93' lang='lat' dir='ltr'>multo</span> <span class='ocrx_word' id='word_1_269' title='bbox 534 2320 672 2380; x_wconf 70' lang='lat' dir='ltr'>religiosius</span> <span class='ocrx_word' id='word_1_270' title='bbox 697 2330 765 2376; x_wconf 84' lang='lat' dir='ltr'>pere.</span> <span class='ocrx_word' id='word_1_271' title='bbox 776 2320 915 2372; x_wconf 88' lang='lat' dir='ltr'>Periculosa</span> <span class='ocrx_word' id='word_1_272' title='bbox 937 2322 975 2371; x_wconf 91' lang='lat' dir='ltr'>est</span> <span class='ocrx_word' id='word_1_273' title='bbox 991 2320 1057 2368; x_wconf 87' lang='lat' dir='ltr'>eninr</span> <span class='ocrx_word' id='word_1_274' title='bbox 1078 2318 1228 2367; x_wconf 88' lang='lat' dir='ltr'>mulieribus</span> 
     </span>
     <span class='ocr_line' id='line_1_30' title="bbox 142 2385 1225 2449; baseline -0.004 -13"><span class='ocrx_word' id='word_1_275' title='bbox 142 2390 207 2448; x_wconf 88' lang='lat' dir='ltr'>quod</span> <span class='ocrx_word' id='word_1_276' title='bbox 217 2391 297 2438; x_wconf 88' lang='lat' dir='ltr'>mater</span> <span class='ocrx_word' id='word_1_277' title='bbox 307 2391 440 2438; x_wconf 80' lang='lat' dir='ltr'>honoretur</span> <span class='ocrx_word' id='word_1_278' title='bbox 451 2402 465 2437; x_wconf 88' lang='lat' dir='ltr'>a</span> <span class='ocrx_word' id='word_1_279' title='bbox 476 2390 548 2438; x_wconf 74' lang='lat' dir='ltr'>Pilio.</span> <span class='ocrx_word' id='word_1_280' title='bbox 697 2389 784 2446; x_wconf 89' lang='lat' dir='ltr'>copula</span> <span class='ocrx_word' id='word_1_281' title='bbox 798 2388 972 2449; x_wconf 88' lang='lat' dir='ltr'>adolescentis,</span> <span class='ocrx_word' id='word_1_282' title='bbox 989 2389 1016 2436; x_wconf 87' lang='lat' dir='ltr'>et</span> <span class='ocrx_word' id='word_1_283' title='bbox 1030 2388 1126 2448; x_wconf 90' lang='lat' dir='ltr'>species</span> <span class='ocrx_word' id='word_1_284' title='bbox 1134 2385 1225 2444; x_wconf 81' lang='lat' dir='ltr'>juven·</span> 
     </span>
     <span class='ocr_line' id='line_1_31' title="bbox 174 2456 1225 2519; baseline -0.004 -14"><span class='ocrx_word' id='word_1_285' title='bbox 174 2458 227 2506; x_wconf 70' lang='lat' dir='ltr'>tbi.</span> <span class='ocrx_word' id='word_1_286' title='bbox 251 2460 301 2507; x_wconf 87' lang='lat' dir='ltr'>Nec</span> <span class='ocrx_word' id='word_1_287' title='bbox 328 2459 505 2519; x_wconf 81' lang='lat' dir='ltr'>praeposterum</span> <span class='ocrx_word' id='word_1_288' title='bbox 530 2458 671 2518; x_wconf 85' lang='lat' dir='ltr'>iudicetur,</span> <span class='ocrx_word' id='word_1_289' title='bbox 696 2456 771 2517; x_wconf 83' lang='lat' dir='ltr'>tutis3</span> <span class='ocrx_word' id='word_1_290' title='bbox 784 2459 1087 2518; x_wconf 86' lang='lat' dir='ltr'>nequafortassecuriosa</span> <span class='ocrx_word' id='word_1_291' title='bbox 1100 2456 1225 2515; x_wconf 83' lang='lat' dir='ltr'>exempli,</span> 
     </span>
     <span class='ocr_line' id='line_1_32' title="bbox 141 2523 1227 2586; baseline -0.002 -13"><span class='ocrx_word' id='word_1_292' title='bbox 141 2527 206 2586; x_wconf 89' lang='lat' dir='ltr'>quod</span> <span class='ocrx_word' id='word_1_293' title='bbox 216 2526 285 2586; x_wconf 90' lang='lat' dir='ltr'>prius</span> <span class='ocrx_word' id='word_1_294' title='bbox 297 2527 399 2575; x_wconf 87' lang='lat' dir='ltr'>latronis</span> <span class='ocrx_word' id='word_1_295' title='bbox 409 2526 588 2574; x_wconf 86' lang='lat' dir='ltr'>absolutionem</span> <span class='ocrx_word' id='word_1_296' title='bbox 598 2539 672 2585; x_wconf 88' lang='lat' dir='ltr'>quarn</span> <span class='ocrx_word' id='word_1_297' title='bbox 697 2523 819 2573; x_wconf 90' lang='lat' dir='ltr'>incuriosa</span> <span class='ocrx_word' id='word_1_298' title='bbox 839 2527 965 2585; x_wconf 83' lang='lat' dir='ltr'>mysterii,</span> <span class='ocrx_word' id='word_1_299' title='bbox 980 2539 1035 2584; x_wconf 87' lang='lat' dir='ltr'>ques</span> <span class='ocrx_word' id='word_1_300' title='bbox 1056 2524 1180 2571; x_wconf 87' lang='lat' dir='ltr'>luxuriari</span> <span class='ocrx_word' id='word_1_301' title='bbox 1199 2524 1227 2571; x_wconf 85' lang='lat' dir='ltr'>in</span> 
     </span>
     <span class='ocr_line' id='line_1_33' title="bbox 142 2591 1226 2654; baseline -0.002 -14"><span class='ocrx_word' id='word_1_302' title='bbox 142 2595 228 2640; x_wconf 89' lang='lat' dir='ltr'>matris</span> <span class='ocrx_word' id='word_1_303' title='bbox 239 2595 430 2653; x_wconf 88' lang='lat' dir='ltr'>appellationem</span> <span class='ocrx_word' id='word_1_304' title='bbox 440 2593 541 2651; x_wconf 78' lang='lat' dir='ltr'>scripsi3</span> <span class='ocrx_word' id='word_1_305' title='bbox 552 2593 596 2651; x_wconf 88' lang='lat' dir='ltr'>qui</span> <span class='ocrx_word' id='word_1_306' title='bbox 605 2594 672 2640; x_wconf 90' lang='lat' dir='ltr'>enim</span> <span class='ocrx_word' id='word_1_307' title='bbox 697 2592 791 2640; x_wconf 80' lang='lat' dir='ltr'>cbristo</span> <span class='ocrx_word' id='word_1_308' title='bbox 805 2594 921 2654; x_wconf 88' lang='lat' dir='ltr'>cupiens,</span> <span class='ocrx_word' id='word_1_309' title='bbox 939 2594 1021 2641; x_wconf 84' lang='lat' dir='ltr'>Mariae</span> <span class='ocrx_word' id='word_1_310' title='bbox 1034 2591 1142 2651; x_wconf 89' lang='lat' dir='ltr'>speciem</span> <span class='ocrx_word' id='word_1_311' title='bbox 1161 2604 1226 2650; x_wconf 81' lang='lat' dir='ltr'>prse-</span> 
     </span>
     <span class='ocr_line' id='line_1_34' title="bbox 142 2659 1227 2719; baseline -0.003 -11"><span class='ocrx_word' id='word_1_312' title='bbox 142 2661 247 2708; x_wconf 83' lang='lat' dir='ltr'>renerat</span> <span class='ocrx_word' id='word_1_313' title='bbox 267 2660 437 2707; x_wconf 85' lang='lat' dir='ltr'>salvosiacers</span> <span class='ocrx_word' id='word_1_314' title='bbox 455 2659 610 2717; x_wconf 86' lang='lat' dir='ltr'>peccatores,</span> <span class='ocrx_word' id='word_1_315' title='bbox 624 2670 672 2706; x_wconf 89' lang='lat' dir='ltr'>non</span> <span class='ocrx_word' id='word_1_316' title='bbox 698 2660 796 2719; x_wconf 84' lang='lat' dir='ltr'>tendat,</span> <span class='ocrx_word' id='word_1_317' title='bbox 813 2674 863 2708; x_wconf 81' lang='lat' dir='ltr'>nora</span> <span class='ocrx_word' id='word_1_318' title='bbox 885 2662 998 2710; x_wconf 89' lang='lat' dir='ltr'>imitetur</span> <span class='ocrx_word' id='word_1_319' title='bbox 1012 2661 1140 2718; x_wconf 83' lang='lat' dir='ltr'>affectum,</span> <span class='ocrx_word' id='word_1_320' title='bbox 1162 2659 1227 2706; x_wconf 88' lang='lat' dir='ltr'>sicut</span> 
     </span>
     <span class='ocr_line' id='line_1_35' title="bbox 143 2726 1227 2789; baseline -0.002 -14"><span class='ocrx_word' id='word_1_321' title='bbox 143 2728 277 2776; x_wconf 87' lang='lat' dir='ltr'>absurdum</span> <span class='ocrx_word' id='word_1_322' title='bbox 288 2728 308 2774; x_wconf 94' lang='lat' dir='ltr'>si</span> <span class='ocrx_word' id='word_1_323' title='bbox 320 2727 388 2789; x_wconf 91' lang='lat' dir='ltr'>prius</span> <span class='ocrx_word' id='word_1_324' title='bbox 399 2727 425 2774; x_wconf 91' lang='lat' dir='ltr'>in</span> <span class='ocrx_word' id='word_1_325' title='bbox 435 2726 498 2774; x_wconf 88' lang='lat' dir='ltr'>meis</span> <span class='ocrx_word' id='word_1_326' title='bbox 507 2726 607 2787; x_wconf 89' lang='lat' dir='ltr'>scriptis</span> <span class='ocrx_word' id='word_1_327' title='bbox 622 2739 673 2775; x_wconf 88' lang='lat' dir='ltr'>sns-</span> <span class='ocrx_word' id='word_1_328' title='bbox 698 2728 785 2788; x_wconf 75' lang='lat' dir='ltr'>vulqus</span> <span class='ocrx_word' id='word_1_329' title='bbox 809 2742 875 2777; x_wconf 92' lang='lat' dir='ltr'>nuuc</span> <span class='ocrx_word' id='word_1_330' title='bbox 894 2731 958 2779; x_wconf 88' lang='lat' dir='ltr'>male</span> <span class='ocrx_word' id='word_1_331' title='bbox 981 2728 1051 2777; x_wconf 85' lang='lat' dir='ltr'>audit</span> <span class='ocrx_word' id='word_1_332' title='bbox 1074 2728 1227 2788; x_wconf 85' lang='lat' dir='ltr'>mulierum,</span> 
     </span>
     <span class='ocr_line' id='line_1_36' title="bbox 142 2795 1228 2857; baseline 0 -13"><span class='ocrx_word' id='word_1_333' title='bbox 142 2797 242 2857; x_wconf 89' lang='lat' dir='ltr'>ceptum</span> <span class='ocrx_word' id='word_1_334' title='bbox 250 2795 672 2855; x_wconf 86' lang='lat' dir='ltr'>munusinredimendasalutepeo-</span> <span class='ocrx_word' id='word_1_335' title='bbox 696 2797 783 2848; x_wconf 85' lang='lat' dir='ltr'>relicto</span> <span class='ocrx_word' id='word_1_336' title='bbox 808 2800 905 2847; x_wconf 88' lang='lat' dir='ltr'>seniore</span> <span class='ocrx_word' id='word_1_337' title='bbox 927 2798 1031 2856; x_wconf 87' lang='lat' dir='ltr'>marito,</span> <span class='ocrx_word' id='word_1_338' title='bbox 1050 2798 1080 2845; x_wconf 88' lang='lat' dir='ltr'>ut</span> <span class='ocrx_word' id='word_1_339' title='bbox 1100 2797 1228 2856; x_wconf 84' lang='lat' dir='ltr'>juniorem</span> 
     </span>
    </p>
   </div>
   <div class='ocr_carea' id='block_1_3' title="bbox 143 2864 1311 2927">
    <p class='ocr_par' dir='ltr' id='par_1_3' title="bbox 143 2864 1311 2927">
     <span class='ocr_line' id='line_1_37' title="bbox 143 2864 1311 2927; baseline 0.001 -15"><span class='ocrx_word' id='word_1_340' title='bbox 143 2864 672 2927; x_wconf 78' lang='lat' dir='ltr'>catorisimplevit.DeniqueipseaiirQaoe</span> <span class='ocrx_word' id='word_1_341' title='bbox 696 2868 840 2925; x_wconf 85' lang='lat' dir='ltr'>sequantur.</span> <span class='ocrx_word' id='word_1_342' title='bbox 860 2867 945 2915; x_wconf 82' lang='lat' dir='ltr'>Discat</span> <span class='ocrx_word' id='word_1_343' title='bbox 965 2879 1023 2926; x_wconf 80' lang='lat' dir='ltr'>crgo</span> <span class='ocrx_word' id='word_1_344' title='bbox 1040 2866 1156 2914; x_wconf 76' lang='lat' dir='ltr'>Ecclesiae</span> <span class='ocrx_word' id='word_1_345' title='bbox 1182 2866 1225 2913; x_wconf 91' lang='lat' dir='ltr'>bic</span> <span class='ocrx_word' id='word_1_346' title='bbox 1308 2876 1311 2884; x_wconf 81' lang='grc'><em>“</em></span> 
     </span>
    </p>
   </div>
   <div class='ocr_carea' id='block_1_4' title="bbox 110 2933 1228 3879">
    <p class='ocr_par' dir='ltr' id='par_1_4' title="bbox 142 2933 1226 3407">
     <span class='ocr_line' id='line_1_38' title="bbox 142 2933 1226 2996; baseline -0.002 -13"><span class='ocrx_word' id='word_1_347' title='bbox 142 2937 261 2984; x_wconf 85' lang='lat' dir='ltr'>estmcier</span> <span class='ocrx_word' id='word_1_348' title='bbox 270 2937 370 2993; x_wconf 82' lang='lat' dir='ltr'>asec,et</span> <span class='ocrx_word' id='word_1_349' title='bbox 387 2936 427 2995; x_wconf 81' lang='lat' dir='ltr'>qai</span> <span class='ocrx_word' id='word_1_350' title='bbox 443 2936 497 2983; x_wconf 84' lang='lat' dir='ltr'>sual</span> <span class='ocrx_word' id='word_1_351' title='bbox 514 2933 672 2992; x_wconf 75' lang='lat' dir='ltr'>{rebassaell</span> <span class='ocrx_word' id='word_1_352' title='bbox 697 2946 749 2982; x_wconf 89' lang='lat' dir='ltr'>esse</span> <span class='ocrx_word' id='word_1_353' title='bbox 772 2935 934 2996; x_wconf 82' lang='lat' dir='ltr'>mysterium,</span> <span class='ocrx_word' id='word_1_354' title='bbox 953 2949 1007 2995; x_wconf 81' lang='lat' dir='ltr'>quae</span> <span class='ocrx_word' id='word_1_355' title='bbox 1021 2936 1112 2995; x_wconf 89' lang='lat' dir='ltr'>populo</span> <span class='ocrx_word' id='word_1_356' title='bbox 1133 2934 1226 2985; x_wconf 86' lang='lat' dir='ltr'>seniori</span> 
     </span>
     <span class='ocr_line' id='line_1_39' title="bbox 142 3000 1225 3069; baseline 0.001 -19"><span class='ocrx_word' id='word_1_357' title='bbox 142 3004 205 3062; x_wconf 81' lang='lat' dir='ltr'>Quia</span> <span class='ocrx_word' id='word_1_358' title='bbox 222 3016 271 3051; x_wconf 90' lang='lat' dir='ltr'>non</span> <span class='ocrx_word' id='word_1_359' title='bbox 293 3004 397 3051; x_wconf 83' lang='lat' dir='ltr'>venerat</span> <span class='ocrx_word' id='word_1_360' title='bbox 412 3013 501 3050; x_wconf 83' lang='lat' dir='ltr'>vocare</span> <span class='ocrx_word' id='word_1_361' title='bbox 518 3000 610 3062; x_wconf 84' lang='lat' dir='ltr'>iustos,</span> <span class='ocrx_word' id='word_1_362' title='bbox 628 3002 670 3050; x_wconf 91' lang='lat' dir='ltr'>sod</span> <span class='ocrx_word' id='word_1_363' title='bbox 696 3002 845 3062; x_wconf 85' lang='lat' dir='ltr'>specieante</span> <span class='ocrx_word' id='word_1_364' title='bbox 858 3005 985 3064; x_wconf 87' lang='lat' dir='ltr'>copulata,</span> <span class='ocrx_word' id='word_1_365' title='bbox 997 3016 1047 3069; x_wconf 78' lang='lat' dir='ltr'>rien</span> <span class='ocrx_word' id='word_1_366' title='bbox 1058 3005 1225 3064; x_wconf 86' lang='lat' dir='ltr'>usu,postca·</span> 
     </span>
     <span class='ocr_line' id='line_1_40' title="bbox 142 3071 1225 3133; baseline -0.001 -13"><span class='ocrx_word' id='word_1_367' title='bbox 142 3076 291 3130; x_wconf 84' lang='lat' dir='ltr'>peccatores.</span> <span class='ocrx_word' id='word_1_368' title='bbox 304 3072 352 3120; x_wconf 86' lang='lat' dir='ltr'>Sed</span> <span class='ocrx_word' id='word_1_369' title='bbox 362 3072 398 3119; x_wconf 92' lang='lat' dir='ltr'>ibi</span> <span class='ocrx_word' id='word_1_370' title='bbox 411 3084 456 3131; x_wconf 91' lang='lat' dir='ltr'>pro</span> <span class='ocrx_word' id='word_1_371' title='bbox 471 3072 540 3130; x_wconf 90' lang='lat' dir='ltr'>ioco,</span> <span class='ocrx_word' id='word_1_372' title='bbox 553 3071 594 3119; x_wconf 87' lang='lat' dir='ltr'>bie</span> <span class='ocrx_word' id='word_1_373' title='bbox 605 3071 631 3118; x_wconf 91' lang='lat' dir='ltr'>et</span> <span class='ocrx_word' id='word_1_374' title='bbox 645 3071 671 3118; x_wconf 93' lang='lat' dir='ltr'>in</span> <span class='ocrx_word' id='word_1_375' title='bbox 696 3084 769 3133; x_wconf 90' lang='lat' dir='ltr'>quam</span> <span class='ocrx_word' id='word_1_376' title='bbox 777 3072 1039 3132; x_wconf 82' lang='lat' dir='ltr'>peperitverbum‚ei</span> <span class='ocrx_word' id='word_1_377' title='bbox 1047 3072 1073 3121; x_wconf 92' lang='lat' dir='ltr'>in</span> <span class='ocrx_word' id='word_1_378' title='bbox 1082 3073 1225 3132; x_wconf 90' lang='lat' dir='ltr'>corporibus</span> 
     </span>
     <span class='ocr_line' id='line_1_41' title="bbox 144 3140 1225 3201; baseline 0.004 -15"><span class='ocrx_word' id='word_1_379' title='bbox 144 3151 215 3187; x_wconf 87' lang='lat' dir='ltr'>cruce</span> <span class='ocrx_word' id='word_1_380' title='bbox 234 3153 285 3188; x_wconf 93' lang='lat' dir='ltr'>non</span> <span class='ocrx_word' id='word_1_381' title='bbox 300 3140 430 3188; x_wconf 87' lang='lat' dir='ltr'>immernor</span> <span class='ocrx_word' id='word_1_382' title='bbox 447 3141 547 3199; x_wconf 90' lang='lat' dir='ltr'>matris,</span> <span class='ocrx_word' id='word_1_383' title='bbox 565 3141 672 3200; x_wconf 88' lang='lat' dir='ltr'>appellat</span> <span class='ocrx_word' id='word_1_384' title='bbox 696 3154 724 3190; x_wconf 90' lang='lat' dir='ltr'>ac</span> <span class='ocrx_word' id='word_1_385' title='bbox 735 3143 996 3191; x_wconf 88' lang='lat' dir='ltr'>mentibusbominum</span> <span class='ocrx_word' id='word_1_386' title='bbox 1006 3143 1132 3201; x_wconf 84' lang='lat' dir='ltr'>perfidem</span> <span class='ocrx_word' id='word_1_387' title='bbox 1144 3143 1225 3190; x_wconf 89' lang='lat' dir='ltr'>crucis</span> 
     </span>
     <span class='ocr_line' id='line_1_42' title="bbox 144 3208 1225 3270; baseline 0.003 -16"><span class='ocrx_word' id='word_1_388' title='bbox 144 3208 287 3256; x_wconf 88' lang='lat' dir='ltr'>oamdicens</span> <span class='ocrx_word' id='word_1_389' title='bbox 296 3211 369 3256; x_wconf 79' lang='lat' dir='ltr'>:Ecce</span> <span class='ocrx_word' id='word_1_390' title='bbox 375 3209 437 3268; x_wconf 76' lang='lat' dir='ltr'>tilius</span> <span class='ocrx_word' id='word_1_391' title='bbox 444 3211 497 3257; x_wconf 82' lang='lat' dir='ltr'>taes</span> <span class='ocrx_word' id='word_1_392' title='bbox 501 3225 510 3269; x_wconf 91' lang='lat'>,·</span> <span class='ocrx_word' id='word_1_393' title='bbox 519 3210 545 3256; x_wconf 90' lang='lat' dir='ltr'>et</span> <span class='ocrx_word' id='word_1_394' title='bbox 551 3210 670 3256; x_wconf 85' lang='lat' dir='ltr'>iohanni:</span> <span class='ocrx_word' id='word_1_395' title='bbox 697 3212 722 3258; x_wconf 94' lang='lat' dir='ltr'>et</span> <span class='ocrx_word' id='word_1_396' title='bbox 732 3209 885 3270; x_wconf 87' lang='lat' dir='ltr'>sepulturam</span> <span class='ocrx_word' id='word_1_397' title='bbox 895 3211 1018 3260; x_wconf 89' lang='lat' dir='ltr'>Dominici</span> <span class='ocrx_word' id='word_1_398' title='bbox 1027 3211 1136 3270; x_wconf 90' lang='lat' dir='ltr'>corporis</span> <span class='ocrx_word' id='word_1_399' title='bbox 1148 3211 1225 3259; x_wconf 86' lang='lat' dir='ltr'>semi·</span> 
     </span>
     <span class='ocr_line' id='line_1_43' title="bbox 143 3277 1224 3342; baseline 0.003 -17"><span class='ocrx_word' id='word_1_400' title='bbox 143 3278 202 3325; x_wconf 75' lang='lat' dir='ltr'>Ecce</span> <span class='ocrx_word' id='word_1_401' title='bbox 220 3280 296 3325; x_wconf 82' lang='lat' dir='ltr'>maier</span> <span class='ocrx_word' id='word_1_402' title='bbox 311 3282 361 3327; x_wconf 83' lang='lat' dir='ltr'>lae.</span> <span class='ocrx_word' id='word_1_403' title='bbox 382 3277 526 3324; x_wconf 79' lang='lat' dir='ltr'>Testabatur</span> <span class='ocrx_word' id='word_1_404' title='bbox 546 3277 576 3325; x_wconf 92' lang='lat' dir='ltr'>de</span> <span class='ocrx_word' id='word_1_405' title='bbox 598 3290 670 3325; x_wconf 90' lang='lat' dir='ltr'>cruce</span> <span class='ocrx_word' id='word_1_406' title='bbox 696 3280 778 3339; x_wconf 83' lang='lat' dir='ltr'>navit,</span> <span class='ocrx_word' id='word_1_407' title='bbox 801 3293 834 3328; x_wconf 82' lang='lat' dir='ltr'>ex</span> <span class='ocrx_word' id='word_1_408' title='bbox 860 3282 985 3342; x_wconf 74' lang='lat' dir='ltr'>precepto</span> <span class='ocrx_word' id='word_1_409' title='bbox 1004 3281 1053 3329; x_wconf 84' lang='lat' dir='ltr'>Dei</span> <span class='ocrx_word' id='word_1_410' title='bbox 1080 3279 1224 3329; x_wconf 86' lang='lat' dir='ltr'>societatem</span> 
     </span>
     <span class='ocr_line' id='line_1_44' title="bbox 143 3344 987 3407; baseline 0.005 -17"><span class='ocrx_word' id='word_1_411' title='bbox 143 3344 265 3404; x_wconf 79' lang='lat' dir='ltr'>christus,</span> <span class='ocrx_word' id='word_1_412' title='bbox 276 3347 301 3394; x_wconf 90' lang='lat' dir='ltr'>et</span> <span class='ocrx_word' id='word_1_413' title='bbox 310 3345 484 3393; x_wconf 87' lang='lat' dir='ltr'>testamentum</span> <span class='ocrx_word' id='word_1_414' title='bbox 495 3344 549 3402; x_wconf 86' lang='lat' dir='ltr'>ejus</span> <span class='ocrx_word' id='word_1_415' title='bbox 562 3345 672 3404; x_wconf 72' lang='lat' dir='ltr'>signabat</span> <span class='ocrx_word' id='word_1_416' title='bbox 696 3349 781 3407; x_wconf 90' lang='lat' dir='ltr'>populi</span> <span class='ocrx_word' id='word_1_417' title='bbox 790 3348 894 3407; x_wconf 84' lang='lat' dir='ltr'>junioris</span> <span class='ocrx_word' id='word_1_418' title='bbox 902 3348 987 3406; x_wconf 72' lang='lat' dir='ltr'>elegit.</span> 
     </span>
    </p>

    <p class='ocr_par' dir='ltr' id='par_1_5' title="bbox 110 3413 1228 3879">
     <span class='ocr_line' id='line_1_45' title="bbox 143 3413 1224 3475; baseline 0.006 -18"><span class='ocrx_word' id='word_1_419' title='bbox 143 3413 278 3472; x_wconf 83' lang='lat' dir='ltr'>lohannes,</span> <span class='ocrx_word' id='word_1_420' title='bbox 290 3414 378 3474; x_wconf 73' lang='lat' dir='ltr'>dignus</span> <span class='ocrx_word' id='word_1_421' title='bbox 387 3414 455 3460; x_wconf 88' lang='lat' dir='ltr'>tanto</span> <span class='ocrx_word' id='word_1_422' title='bbox 465 3413 580 3460; x_wconf 84' lang='lat' dir='ltr'>testatore</span> <span class='ocrx_word' id='word_1_423' title='bbox 592 3414 670 3461; x_wconf 86' lang='lat' dir='ltr'>testis.</span> <span class='ocrx_word' id='word_1_424' title='bbox 728 3418 781 3464; x_wconf 68' lang='lat' dir='ltr'>iiii.</span> <span class='ocrx_word' id='word_1_425' title='bbox 793 3418 880 3475; x_wconf 84' lang='lat' dir='ltr'>Quaero</span> <span class='ocrx_word' id='word_1_426' title='bbox 896 3417 972 3465; x_wconf 89' lang='lat' dir='ltr'>etiam</span> <span class='ocrx_word' id='word_1_427' title='bbox 982 3429 1027 3464; x_wconf 91' lang='lat' dir='ltr'>cur</span> <span class='ocrx_word' id='word_1_428' title='bbox 1046 3417 1104 3465; x_wconf 86' lang='lat' dir='ltr'>anto</span> <span class='ocrx_word' id='word_1_429' title='bbox 1119 3419 1224 3466; x_wconf 87' lang='lat' dir='ltr'>mortem</span> 
     </span>
     <span class='ocr_line' id='line_1_46' title="bbox 144 3481 1226 3545; baseline 0.003 -19"><span class='ocrx_word' id='word_1_430' title='bbox 144 3481 235 3527; x_wconf 87' lang='lat' dir='ltr'>Bonum</span> <span class='ocrx_word' id='word_1_431' title='bbox 245 3481 420 3530; x_wconf 87' lang='lat' dir='ltr'>testamentum</span> <span class='ocrx_word' id='word_1_432' title='bbox 429 3494 479 3527; x_wconf 91' lang='lat' dir='ltr'>non</span> <span class='ocrx_word' id='word_1_433' title='bbox 491 3481 617 3540; x_wconf 88' lang='lat' dir='ltr'>pecuniae,</span> <span class='ocrx_word' id='word_1_434' title='bbox 628 3481 672 3530; x_wconf 89' lang='lat' dir='ltr'>sed</span> <span class='ocrx_word' id='word_1_435' title='bbox 697 3498 747 3534; x_wconf 89' lang='lat' dir='ltr'>non</span> <span class='ocrx_word' id='word_1_436' title='bbox 767 3486 928 3534; x_wconf 80' lang='lat' dir='ltr'>inveniamus.</span> <span class='ocrx_word' id='word_1_437' title='bbox 939 3497 992 3533; x_wconf 90' lang='lat' dir='ltr'>esse</span> <span class='ocrx_word' id='word_1_438' title='bbox 1007 3498 1159 3545; x_wconf 87' lang='lat' dir='ltr'>percussum,</span> <span class='ocrx_word' id='word_1_439' title='bbox 1170 3485 1226 3544; x_wconf 87' lang='lat' dir='ltr'>post</span> 
     </span>
     <span class='ocr_line' id='line_1_47' title="bbox 143 3549 1226 3610; baseline 0.002 -15"><span class='ocrx_word' id='word_1_440' title='bbox 143 3549 220 3595; x_wconf 82' lang='lat' dir='ltr'>sitae:</span> <span class='ocrx_word' id='word_1_441' title='bbox 237 3551 302 3608; x_wconf 87' lang='lat' dir='ltr'>quod</span> <span class='ocrx_word' id='word_1_442' title='bbox 319 3563 369 3597; x_wconf 91' lang='lat' dir='ltr'>non</span> <span class='ocrx_word' id='word_1_443' title='bbox 388 3551 525 3599; x_wconf 86' lang='lat' dir='ltr'>atramento</span> <span class='ocrx_word' id='word_1_444' title='bbox 542 3551 671 3610; x_wconf 87' lang='lat' dir='ltr'>scribitur,</span> <span class='ocrx_word' id='word_1_445' title='bbox 696 3554 800 3603; x_wconf 90' lang='lat' dir='ltr'>mortem</span> <span class='ocrx_word' id='word_1_446' title='bbox 810 3552 979 3602; x_wconf 77' lang='lat' dir='ltr'>inveniamus?</span> <span class='ocrx_word' id='word_1_447' title='bbox 989 3554 1041 3600; x_wconf 89' lang='lat' dir='ltr'>Nisi</span> <span class='ocrx_word' id='word_1_448' title='bbox 1062 3554 1124 3600; x_wconf 85' lang='lat' dir='ltr'>torte</span> <span class='ocrx_word' id='word_1_449' title='bbox 1141 3552 1170 3598; x_wconf 88' lang='lat' dir='ltr'>ut</span> <span class='ocrx_word' id='word_1_450' title='bbox 1181 3562 1226 3598; x_wconf 84' lang='lat' dir='ltr'>ro-</span> 
     </span>
     <span class='ocr_line' id='line_1_48' title="bbox 144 3616 1227 3680; baseline 0 -16"><span class='ocrx_word' id='word_1_451' title='bbox 144 3616 187 3664; x_wconf 90' lang='lat' dir='ltr'>sed</span> <span class='ocrx_word' id='word_1_452' title='bbox 197 3617 290 3676; x_wconf 88' lang='lat' dir='ltr'>Spiritu</span> <span class='ocrx_word' id='word_1_453' title='bbox 304 3619 350 3665; x_wconf 90' lang='lat' dir='ltr'>Dei</span> <span class='ocrx_word' id='word_1_454' title='bbox 360 3619 411 3666; x_wconf 83' lang='lat' dir='ltr'>vivi</span> <span class='ocrx_word' id='word_1_455' title='bbox 422 3632 428 3664; x_wconf 79' lang='lat' dir='ltr'>r</span> <span class='ocrx_word' id='word_1_456' title='bbox 441 3621 534 3678; x_wconf 82' lang='lat' dir='ltr'>Linque</span> <span class='ocrx_word' id='word_1_457' title='bbox 543 3633 596 3666; x_wconf 85' lang='lat' dir='ltr'>mea</span> <span class='ocrx_word' id='word_1_458' title='bbox 607 3621 673 3666; x_wconf 86' lang='lat' dir='ltr'>coia·</span> <span class='ocrx_word' id='word_1_459' title='bbox 697 3623 818 3669; x_wconf 84' lang='lat' dir='ltr'>luntarius</span> <span class='ocrx_word' id='word_1_460' title='bbox 826 3622 1133 3680; x_wconf 75' lang='lat' dir='ltr'>exitusejusmagisquanr</span> <span class='ocrx_word' id='word_1_461' title='bbox 1141 3630 1227 3665; x_wconf 88' lang='lat' dir='ltr'>neces·</span> 
     </span>
     <span class='ocr_line' id='line_1_49' title="bbox 143 3685 1226 3746; baseline 0.001 -14"><span class='ocrx_word' id='word_1_462' title='bbox 143 3698 196 3733; x_wconf 81' lang='lat' dir='ltr'>scas</span> <span class='ocrx_word' id='word_1_463' title='bbox 206 3685 288 3732; x_wconf 76' lang='lat' dir='ltr'>scribe</span> <span class='ocrx_word' id='word_1_464' title='bbox 296 3687 401 3735; x_wconf 79' lang='lat' dir='ltr'>velociter</span> <span class='ocrx_word' id='word_1_465' title='bbox 410 3687 539 3734; x_wconf 74' lang='lat' dir='ltr'>salientis.</span> <span class='ocrx_word' id='word_1_466' title='bbox 697 3688 776 3736; x_wconf 88' lang='lat' dir='ltr'>sarius</span> <span class='ocrx_word' id='word_1_467' title='bbox 802 3688 879 3736; x_wconf 85' lang='lat' dir='ltr'>fuisse</span> <span class='ocrx_word' id='word_1_468' title='bbox 908 3689 1039 3746; x_wconf 87' lang='lat' dir='ltr'>doceatur,</span> <span class='ocrx_word' id='word_1_469' title='bbox 1063 3690 1089 3735; x_wconf 91' lang='lat' dir='ltr'>et</span> <span class='ocrx_word' id='word_1_470' title='bbox 1111 3687 1226 3734; x_wconf 89' lang='lat' dir='ltr'>ordinem</span> 
     </span>
     <span class='ocr_line' id='line_1_50' title="bbox 110 3753 1228 3812; baseline -0.001 -13"><span class='ocrx_word' id='word_1_471' title='bbox 110 3774 112 3779; x_wconf 62' lang='lat'>=</span> <span class='ocrx_word' id='word_1_472' title='bbox 175 3753 428 3801; x_wconf 73' lang='lat' dir='ltr'>132.Sednecbiaria</span> <span class='ocrx_word' id='word_1_473' title='bbox 441 3755 522 3800; x_wconf 89' lang='lat' dir='ltr'>minor</span> <span class='ocrx_word' id='word_1_474' title='bbox 536 3765 610 3812; x_wconf 87' lang='lat' dir='ltr'>quam</span> <span class='ocrx_word' id='word_1_475' title='bbox 620 3765 673 3800; x_wconf 87' lang='lat' dir='ltr'>nra·</span> <span class='ocrx_word' id='word_1_476' title='bbox 694 3776 1228 3790; x_wconf 84' lang='lat'>————-—---—-——-—-</span> 
     </span>
     <span class='ocr_line' id='line_1_51' title="bbox 144 3817 1225 3879; baseline 0.001 -24"><span class='ocrx_word' id='word_1_477' title='bbox 144 3824 209 3870; x_wconf 66' lang='lat' dir='ltr'>trem</span> <span class='ocrx_word' id='word_1_478' title='bbox 222 3820 311 3868; x_wconf 64' lang='lat' dir='ltr'>Christi</span> <span class='ocrx_word' id='word_1_479' title='bbox 322 3820 438 3878; x_wconf 64' lang='lat' dir='ltr'>decebat,</span> <span class='ocrx_word' id='word_1_480' title='bbox 450 3819 599 3878; x_wconf 68' lang='lat' dir='ltr'>fugientibus</span> <span class='ocrx_word' id='word_1_481' title='bbox 615 3833 673 3879; x_wconf 67' lang='lat' dir='ltr'>ap0.</span> <span class='ocrx_word' id='word_1_482' title='bbox 721 3820 730 3837; x_wconf 71' lang='lat'><strong>³</strong></span> <span class='ocrx_word' id='word_1_483' title='bbox 740 3817 767 3855; x_wconf 74' lang='lat' dir='ltr'>Its</span> <span class='ocrx_word' id='word_1_484' title='bbox 778 3818 927 3860; x_wconf 71' lang='lat' dir='ltr'>moerereehinc</span> <span class='ocrx_word' id='word_1_485' title='bbox 938 3823 967 3856; x_wconf 77' lang='lat' dir='ltr'>est</span> <span class='ocrx_word' id='word_1_486' title='bbox 979 3818 1038 3867; x_wconf 81' lang='lat' dir='ltr'>quod</span> <span class='ocrx_word' id='word_1_487' title='bbox 1048 3817 1225 3865; x_wconf 75' lang='lat' dir='ltr'>viduisserninis,</span> 
     </span>
    </p>
   </div>
   <div class='ocr_carea' id='block_1_5' title="bbox 145 3870 1224 3972">
    <p class='ocr_par' dir='ltr' id='par_1_6' title="bbox 145 3870 1224 3972">
     <span class='ocr_line' id='line_1_52' title="bbox 145 3870 1224 3972; baseline -0.001 -37"><span class='ocrx_word' id='word_1_488' title='bbox 145 3888 213 3936; x_wconf 88' lang='lat' dir='ltr'>stolis</span> <span class='ocrx_word' id='word_1_489' title='bbox 224 3888 280 3935; x_wconf 90' lang='lat' dir='ltr'>ante</span> <span class='ocrx_word' id='word_1_490' title='bbox 292 3899 390 3934; x_wconf 87' lang='lat' dir='ltr'>crucem</span> <span class='ocrx_word' id='word_1_491' title='bbox 401 3887 494 3945; x_wconf 88' lang='lat' dir='ltr'>stabat,</span> <span class='ocrx_word' id='word_1_492' title='bbox 508 3885 533 3934; x_wconf 90' lang='lat' dir='ltr'>et</span> <span class='ocrx_word' id='word_1_493' title='bbox 544 3886 592 3947; x_wconf 87' lang='lat' dir='ltr'>piis</span> <span class='ocrx_word' id='word_1_494' title='bbox 602 3900 673 3947; x_wconf 91' lang='lat' dir='ltr'>spec·</span> <span class='ocrx_word' id='word_1_495' title='bbox 698 3871 1080 3972; x_wconf 49' lang='grc' dir='ltr'>ἑᾝξξζξηξ“ξὲξξέ3;ζᾚξ’νὲιῗζῗ</span> <span class='ocrx_word' id='word_1_496' title='bbox 1090 3870 1224 3964; x_wconf 54' lang='lat' dir='ltr'>ffdhffijfj</span> 
     </span>
    </p>
   </div>
   <div class='ocr_carea' id='block_1_6' title="bbox 145 3953 1223 4084">
    <p class='ocr_par' dir='ltr' id='par_1_7' title="bbox 145 3953 1223 4084">
     <span class='ocr_line' id='line_1_53' title="bbox 145 3953 1223 4032; baseline 0.003 -18"><span class='ocrx_word' id='word_1_497' title='bbox 145 3954 213 4002; x_wconf 56' lang='lat' dir='ltr'>tabat</span> <span class='ocrx_word' id='word_1_498' title='bbox 222 3953 491 4032; x_wconf 53' lang='grc' dir='ltr'>θωῙῙῆΡῙῘῙῙΪΠῙΠθΤἏῖ</span> <span class='ocrx_word' id='word_1_499' title='bbox 503 3954 560 4014; x_wconf 65' lang='lat' dir='ltr'>‘fllia</span> <span class='ocrx_word' id='word_1_500' title='bbox 572 3967 672 4032; x_wconf 63' lang='lat' dir='ltr'><strong>exspecj</strong></span> <span class='ocrx_word' id='word_1_501' title='bbox 698 3984 746 4018; x_wconf 79' lang='lat' dir='ltr'>reia</span> <span class='ocrx_word' id='word_1_502' title='bbox 760 3979 920 4018; x_wconf 79' lang='lat' dir='ltr'>consolantibus</span> <span class='ocrx_word' id='word_1_503' title='bbox 933 3988 993 4028; x_wconf 81' lang='lat' dir='ltr'>poeas</span> <span class='ocrx_word' id='word_1_504' title='bbox 1008 3979 1146 4029; x_wconf 68' lang='lat' dir='ltr'>irrogabatur</span> <span class='ocrx_word' id='word_1_505' title='bbox 1160 3991 1165 4018; x_wconf 88' lang='lat'>:</span> <span class='ocrx_word' id='word_1_506' title='bbox 1178 3989 1223 4028; x_wconf 84' lang='lat' dir='ltr'>quo</span> 
     </span>
     <span class='ocr_line' id='line_1_54' title="bbox 146 4019 1119 4084; baseline 0.007 -19"><span class='ocrx_word' id='word_1_507' title='bbox 146 4019 212 4068; x_wconf 83' lang='lat' dir='ltr'>tabat</span> <span class='ocrx_word' id='word_1_508' title='bbox 221 4033 270 4067; x_wconf 93' lang='lat' dir='ltr'>non</span> <span class='ocrx_word' id='word_1_509' title='bbox 281 4032 389 4082; x_wconf 76' lang='lat' dir='ltr'>pignoris</span> <span class='ocrx_word' id='word_1_510' title='bbox 404 4021 520 4080; x_wconf 88' lang='lat' dir='ltr'>mortem,</span> <span class='ocrx_word' id='word_1_511' title='bbox 532 4021 575 4069; x_wconf 89' lang='lat' dir='ltr'>sed</span> <span class='ocrx_word' id='word_1_512' title='bbox 587 4021 671 4069; x_wconf 83' lang='lat' dir='ltr'>mundi</span> <span class='ocrx_word' id='word_1_513' title='bbox 698 4034 806 4083; x_wconf 69' lang='lat' dir='ltr'>reperies</span> <span class='ocrx_word' id='word_1_514' title='bbox 815 4031 954 4074; x_wconf 74' lang='lat' dir='ltr'>ambrosium</span> <span class='ocrx_word' id='word_1_515' title='bbox 963 4033 1072 4084; x_wconf 78' lang='lat' dir='ltr'>prensans</span> <span class='ocrx_word' id='word_1_516' title='bbox 1081 4037 1119 4072; x_wconf 63' lang='lat' dir='ltr'>ers</span> 
     </span>
    </p>
   </div>
   <div class='ocr_carea' id='block_1_7' title="bbox 0 0 1380 4814">
    <p class='ocr_par' dir='ltr' id='par_1_8' title="bbox 0 0 1380 4814">
     <span class='ocr_line' id='line_1_55' title="bbox 0 0 1380 4814; baseline 0 1"><span class='ocrx_word' id='word_1_517' title='bbox 0 0 1380 4814; x_wconf 95' lang='lat' dir='ltr'> </span> 
     </span>
    </p>
   </div>
  </div>
 </body>
</html>
