2752 4814
349 399 529 445 EXPOSITIO
542 359 578 444 lii
598 393 723 450 LUGAM,
737 394 834 440 utnon
848 393 1009 440 ocultus·
1186 388 1221 436 ab·

140 480 288 540 roprrrdlum,
308 481 382 529 crede
405 470 554 541 conjugium.
571 479 666 527 Audisti
693 479 815 526 immerito
825 478 933 538 quinque
945 476 1040 543 iratres,
1049 471 1075 521 ld
1086 472 1137 532 est,
1147 472 1220 530 quin·

141 549 201 604 «pratil
216 547 356 594 ludaeorum
371 547 437 606 plebi
453 549 505 606 ipse
519 548 559 594 vir
577 548 644 595 dicat
659 560 668 591 .·
691 540 1221 604 quesensuscorporisnaturaliquadamger·

142 615 201 660 Eoo
228 616 254 660 iu
285 615 446 674 iniquitatibus
475 616 556 662 matris
583 614 669 661 venditi
693 607 1223 666 monitatevidenturtuissesociali,quiim·
1245 642 1247 661 ξ

141 681 208 735 ostis,
226 681 248 726 et
266 681 405 739 inpeccatis
424 682 505 728 vestrae
525 681 602 728 dimisi
616 691 669 725 ma·
693 680 796 728 modicis
811 680 887 738 atque
900 674 1222 736 innumeriscupiditatibua
1316 684 1322 700 ¹

142 747 201 797 trem
218 749 328 794 oestrum.
346 748 416 794 illane
434 759 492 806 ergo
508 748 537 794 tu
554 749 580 794 iu
599 747 669 793 domo
694 748 828 795 aestuabant
846 760 853 792 a
871 748 986 792 Lazarum
997 757 1057 794 vero
1075 745 1101 791 in
1121 741 1223 789 Abrahae

142 814 232 872 patris,
249 826 320 860 mane
336 827 391 861 cum
409 827 510 875 sponso,
527 817 621 862 enitere
642 815 669 860 ut
694 816 785 874 gremio
793 815 862 874 quasi
871 811 897 861 in
907 814 1011 872 quodam
1019 813 1074 860 sinu
1082 809 1224 872 quietis,et

142 881 238 939 placeat
248 882 309 928 viro.
324 883 392 930 Meus
401 895 455 943 quae
467 884 594 931 credidisti
603 886 668 942 Deo,
694 883 829 931 sanctitatis
849 894 948 930 recessu
966 879 1124 937 locavitque
1144 876 1223 924 illecti

143 952 195 994 esto
205 947 272 995 tortia
283 951 387 1010 mulier,
395 951 475 1010 qualis
486 952 530 998 illa
540 953 580 1000 vel
588 953 669 998 anima
693 952 852 1010 praesentium
870 949 1014 1008 voluptate,
1035 958 1176 994 maneamus
1196 945 1231 990 im

142 1016 319 1075 ecclesiastica,
329 1018 371 1066 vet
381 1019 668 1079 Ecclesia,dequadicit
694 1019 776 1077 uitiis3
794 1018 834 1067 vel
853 1018 926 1065 taedio
946 1015 1021 1074 victi,
1037 1015 1148 1061 laborum
1162 1015 1232 1061 dura·

140 1083 252 1130 Salomon
261 1096 268 1130 c
278 1086 397 1134 Mulierem
407 1080 669 1146 fortemqutetueeuie't?
694 1084 823 1144 fugiamus.
837 1086 893 1133 Sive
910 1085 992 1142 itaque
1012 1084 1116 1129 Lazarus
1131 1092 1230 1140 pauper

141 1152 405 1201 Pretiosiorautemest
415 1153 538 1212 lapidibus
546 1155 669 1213 pretiosio,
695 1152 721 1199 in
731 1154 834 1212 saeculo,
850 1153 893 1200 sed
904 1155 954 1199 Deo
966 1152 1035 1198 dives
1043 1165 1055 1196 a
1065 1151 1117 1197 sive
1130 1148 1230 1209 aposto*

141 1233 195 1277 cquae
211 1221 268 1268 talis
279 1224 336 1269 est:
354 1222 454 1269 contidit
465 1222 491 1267 in
508 1233 537 1268 ea
552 1223 593 1269 vir
602 1234 669 1269 suus.
694 1221 757 1268 licus
768 1221 858 1280 aliquis
867 1232 961 1280 pauper
974 1220 999 1265 in
1011 1220 1103 1277 verbo,
1114 1218 1225 1277 locuples

142 1287 274 1336 Videamus
291 1289 351 1349 quid
369 1289 422 1335 baec
440 1288 494 1336 viro
515 1288 590 1336 iaciat
609 1301 669 1348 suo,
695 1290 721 1336 in
731 1291 778 1336 tide
792 1288 800 1350 (
812 1302 891 1348 neque
903 1290 968 1335 euim
980 1289 1062 1334 sancta
1074 1287 1153 1333 omnis
1165 1298 1226 1344 pau·

141 1356 208 1414 quod
223 1369 284 1414 opus
299 1357 366 1413 eius,
376 1356 441 1414 quod
459 1357 491 1402 sit
509 1357 669 1416 obsequium,
695 1359 789 1416 pertas,
806 1358 849 1404 aut
864 1357 957 1404 divitiae
973 1357 1111 1403 criminosae
1123 1367 1129 1400 ε
1143 1355 1186 1401 sed
1198 1355 1227 1400 ut

143 1436 188 1469 cur·
199 1424 304 1470 confidat
312 1425 338 1470 in
349 1425 502 1471 eadbristus.
694 1426 794 1472 luxuria
804 1425 905 1471 infamat
917 1425 1031 1482 divitias,
1043 1423 1077 1469 ita
1090 1423 1225 1483 pauperta-

172 1491 211 1536 ll.
227 1492 293 1536 Bona
314 1503 377 1536 uxor
396 1491 478 1538 vuum
495 1503 567 1538 suum
584 1492 668 1553 vestit.
695 1496 744 1542 tem
763 1493 917 1544 commendat
933 1488 1083 1552 sanctitas),
1098 1493 1150 1539 sive
1167 1505 1225 1551 crgo

142 1558 327 1604 Vestiatlesum
338 1557 397 1604 fides
408 1558 490 1604 nostra
501 1570 669 1617 corpoream,
695 1563 841 1622 apostolicus
859 1562 902 1622 qui
923 1574 1008 1611 veram
1029 1561 1114 1608 teneat
1134 1560 1224 1619 fidem,

143 1627 232 1674 vestiat
252 1639 351 1673 caruem
372 1639 441 1674 suam
463 1628 600 1675 divinitatis
621 1640 669 1674 suae
694 1631 825 1678 verborum
848 1629 951 1686 intutas,
967 1629 1052 1675 tucum
1069 1627 1226 1686 argumento-

142 1695 219 1753 glorle
236 1707 243 1739 a
260 1695 324 1741 sicut
341 1696 366 1741 et
383 1695 425 1741 illa
442 1695 501 1742 bina
520 1695 669 1742 vestimenta
694 1712 763 1757 rum,
775 1697 902 1745 ambitiosa
913 1697 1092 1743 sententiarum
1102 1696 1224 1742 velamina

143 1763 202 1810 tecit
212 1763 265 1810 viro
276 1775 320 1810 suo
330 1777 337 1822 3
348 1765 375 1810 ut
389 1764 416 1810 et
435 1764 461 1809 in
474 1763 588 1822 praesenti
607 1765 632 1810 et
644 1765 668 1811 iu
694 1779 743 1812 non
753 1766 862 1825 requirat
871 1779 878 1811 ι
888 1763 1030 1811 ioeneratam
1038 1763 1176 1809 mercedem
1185 1776 1226 1808 uc·

142 1832 225 1878 tuturo
249 1831 338 1878 saeculo
363 1830 510 1877 honorificet
531 1842 598 1878 eum.
617 1832 670 1877 Nou
695 1831 1223 1893 cipit,impugnansbaereticoslllanicbaeum,

143 1901 272 1946 mediocris
284 1899 337 1946 haec
352 1898 457 1956 femina,
473 1899 541 1955 cujus
554 1898 603 1944 tale
614 1899 670 1944 tex·
695 1903 854 1958 Marcionem,
865 1899 1117 1956 Sabellium,drrium
1125 1930 1132 1955 ,
1140 1899 1226 1944 Photi-

142 1968 235 2016 trinum
246 1967 283 2012 est
294 1979 301 2011 a
313 1978 386 2024 quam
396 1978 445 2011 nou
460 1967 543 2011 mollia
553 1967 618 2011 lanae
630 1964 670 2010 tila
695 1980 802 2026 numque
814 1965 822 2027 (
833 1968 872 2012 isti
882 1967 950 2013 euim
958 1978 1006 2011 non
1017 1965 1085 2011 aliud
1095 1978 1166 2024 quam
1175 1965 1226 2011 tra-

144 2036 299 2094 carpentem,
309 2033 353 2081 sed
363 2033 476 2091 pretiosae
487 2033 585 2079 virtutis
595 2044 671 2091 pensa
695 2035 746 2080 tres
760 2033 817 2079 sunt
831 2033 987 2089 ludaeorum,
1005 2032 1096 2090 quibus
1116 2033 1225 2090 perfidiae

143 2104 289 2149 tractantem
301 2101 340 2149 vir
350 2100 403 2157 ejus
415 2100 525 2148 inveniat
535 2114 542 2145 ε
554 2113 608 2160 quae
619 2113 671 2147 ma·
695 2102 854 2162 germanitate
863 2097 1015 2160 nectuntur);
1024 2099 1226 2160 reprimensquo·

145 2183 191 2216 nus
202 2170 305 2217 extollat
318 2168 344 2214 in
359 2168 483 2227 noctibus,
500 2168 567 2216 etad
582 2169 670 2215 libram
695 2184 743 2232 que
758 2170 835 2219 carnis
857 2169 1016 2228 cupiditates,
1038 2180 1093 2227 quae
1114 2168 1180 2228 illis,
1198 2172 1226 2217 ut

144 2238 234 2298 dirigat
247 2250 320 2297 opus,
335 2249 479 2296 morumque
493 2250 593 2285 suorum
609 2249 670 2297 pon-
696 2240 764 2299 diri,
794 2240 902 2299 quinque
926 2237 1037 2285 sensibus
1056 2239 1224 2296 vaporanturr

144 2307 189 2353 dus
200 2304 473 2364 examinet„gestorum
488 2319 584 2367 quoquo
595 2319 670 2354 nove·
695 2309 837 2356 faeneratum
845 2342 852 2368 ‚
861 2310 974 2367 inquam,
987 2306 1126 2353 mercedem
1135 2308 1226 2366 accipit

144 2375 177 2422 rit
187 2386 284 2421 servare
294 2386 448 2432 mensuram,
463 2375 561 2432 gloriosi
571 2376 669 2436 subteg-
696 2378 737 2426 cui
757 2377 921 2438 compensatio
933 2376 1123 2423 exuberantium
1142 2377 1231 2435 copia--

144 2456 201 2489 men
212 2443 302 2490 laboris
316 2443 430 2489 intexens
441 2456 447 2488 ι
459 2443 563 2490 sollicita
574 2446 670 2503 quando
695 2459 764 2505 rum,
777 2447 803 2493 et
817 2445 990 2505 perpetuitatis
1001 2456 1074 2490 usura
1086 2445 1131 2490 est.

144 2512 182 2557 vir
199 2510 298 2570 redeat,
309 2511 383 2557 anxia
401 2510 474 2570 atque
491 2511 628 2570 suspirans,
645 2514 670 2559 et
727 2514 764 2560 lt.
776 2516 824 2561 Nec
835 2515 944 2559 alienum
951 2513 1081 2570 putamus,
1096 2513 1125 2558 ut
1135 2512 1165 2557 de
1177 2512 1224 2558 fide

142 2579 192 2636 jam
204 2592 259 2625 cum
275 2579 329 2626 viro
343 2590 388 2624 suo
403 2590 457 2624 esse
468 2578 622 2636 desiderans,
633 2580 671 2626 di·
696 2592 792 2639 quoque
804 2580 934 2638 opinemur
945 2578 1009 2623 huuc
1020 2589 1072 2623 esse
1085 2578 1224 2635 tractatum,

145 2659 204 2693 cens
213 2659 220 2691 a
230 2647 308 2691 tiores
317 2645 422 2691 tacitvir
432 2656 501 2690 meus
513 2645 611 2704 venire,
623 2646 672 2692 tea·
697 2659 769 2706 quam
777 2648 881 2703 Lazarus
887 2645 1006 2701 abjectam
1012 2643 1226 2690 demensadivitis

144 2714 228 2760 tiuabo
239 2713 291 2771 ipsa
301 2712 333 2758 ad
343 2723 400 2758 eum
415 2724 421 2756 ι
438 2724 562 2774 occurram
574 2713 598 2758 ei
609 2712 671 2760 tacie
698 2715 795 2774 collegit
809 2712 851 2774 (v.
862 2713 894 2760 20
903 2716 928 2759 et
937 2712 963 2757 tl
975 2710 984 2773 )
997 2725 1003 2756 r
1016 2712 1085 2769 cujus
1093 2712 1179 2770 utiquc
1188 2714 1226 2758 ul·
1288 2765 1293 2772 ⁸

145 2780 288 2840 adfaciem,
300 2783 356 2828 culn
368 2779 454 2832 venire
466 2781 571 2839 coeperit
580 2780 608 2828 iu
618 2783 672 2841 glo·
697 2795 752 2830 cera
770 2782 904 2830 secundum
914 2781 1023 2827 litteram
1035 2780 1105 2827 dives
1116 2780 1225 2827 fastidio-

144 2851 180 2896 ria
193 2861 244 2897 sua.
454 2856 456 2859 '
696 2866 737 2900 sus
746 2851 872 2909 horreret,
884 2861 930 2898 nec
940 2849 1131 2908 interpretiosas
1139 2849 1225 2907 epulas

175 2920 212 2966 ta.
224 2917 299 2976 Veni,
310 2918 413 2966 Domine
424 2918 498 2977 lesu,
515 2919 547 2965 ut
560 2919 672 2967 invenias
695 2921 905 2982 unguentatosque
920 2920 1038 2966 convivas
1053 2916 1166 2970 foetorem
1186 2920 1226 2966 ul·

144 2999 255 3047 sponsam
265 2985 333 3032 tuam
342 2999 403 3044 ,uon
411 2986 614 3046 contaminatam,
623 3000 671 3034 non
696 3002 779 3038 cerum
791 2987 955 3035 lambentibus
966 2982 1068 3033 canibus
1078 2987 1224 3044 sustineret,

144 3055 318 3112 adulteratam,
336 3067 391 3113 quar
413 3066 461 3100 non
483 3054 613 3102 violaverit
627 3056 671 3102 do·
697 3059 736 3104 cui
748 3058 807 3104 odor
817 3056 894 3114 aeris,
906 3056 931 3102 et
944 3055 996 3114 ipsa
1008 3056 1072 3102 esset
1080 3056 1167 3101 natura
1178 3056 1226 3102 tas·

144 3137 211 3170 mum
228 3124 309 3181 tuam,
327 3134 378 3168 non
392 3123 507 3168 mandata
523 3125 670 3182 neglexerit.
696 3128 757 3174 tidio
769 3141 775 3172 :
787 3136 933 3186 quamquam
951 3123 1082 3170 insolentia
1099 3125 1125 3170 et
1145 3125 1226 3171 tumor
1280 3165 1282 3172 ,

146 3193 216 3240 Dicat
233 3191 279 3238 tibi
292 3203 299 3236 a
310 3192 389 3237 lucaei
408 3204 476 3250 quem
494 3191 576 3237 dilexit
590 3194 672 3238 occiano
697 3195 800 3242 divitum
820 3193 918 3239 indiciis
928 3189 1124 3249 competentibus
1140 3192 1226 3249 expri-

144 3274 196 3307 auea
207 3273 216 3306 .·
228 3258 363 3305 introducat
372 3258 397 3304 te
411 3259 437 3303 in
446 3257 543 3303 domum
553 3259 607 3305 vini
616 3257 625 3319 (
634 3260 672 3306 vi·
696 3263 791 3319 matur,
802 3260 866 3319 quod
875 3260 909 3305 ita
918 3257 1063 3305 conditionis
1071 3258 1226 3305 immemores

145 3340 205 3375 num
218 3328 285 3374 enim
300 3326 409 3391 laetificat
420 3337 461 3372 cor
478 3325 604 3386 bominis)
616 3329 672 3374 iue—
697 3330 810 3377 lrumanae
820 3329 884 3386 sint3
896 3328 924 3374 ut
933 3328 1058 3384 tamquam
1070 3337 1142 3383 supra
1154 3328 1225 3375 natu-

145 3395 240 3443 brietur
254 3395 281 3440 in
291 3393 390 3452 spiritu,
398 3391 512 3452 agnoscat
519 3394 671 3453 mysterium,
697 3410 748 3444 ram
759 3398 814 3456 siti,
826 3397 857 3443 de
868 3395 975 3442 miseriis
990 3406 1126 3453 pauperum
1142 3395 1228 3442 incen-

145 3463 259 3521 loquatur
279 3462 413 3508 Otacilium·
697 3468 747 3515 tiva
766 3479 865 3515 suarum
884 3464 981 3523 capiant
999 3463 1170 3522 voluptatum,
1189 3466 1225 3509 ri·

144 3543 172 3581 V.
182 3543 211 3580 te.
219 3543 289 3580 Homo
297 3548 368 3581 aurem
376 3542 464 3591 quidam
474 3543 531 3582 dives
539 3543 672 3583 induebatur
697 3537 770 3583 deant
780 3537 877 3594 inopem
885 3566 892 3592 ,
899 3533 1017 3579 insultent
1023 3532 1106 3589 egenti
1114 3563 1121 3588 ,
1128 3533 1153 3577 ot
1163 3543 1226 3589 quo·

344 3608 473 3645 purpuram.
696 3617 751 3650 rum
762 3603 874 3650 misereri
884 3602 982 3658 deceat,
991 3601 1031 3646 lris
1041 3598 1162 3644 auferant.

178 3669 216 3715 ld.
226 3667 334 3715 Narratio
344 3668 421 3725 magis
430 3680 503 3727 quam
513 3667 626 3725 parabola
634 3669 673 3714 vi·
728 3672 767 3715 ld.
783 3671 916 3724 Utrumque
933 3679 989 3731 ergo
1005 3665 1049 3724 qui
1065 3664 1147 3723 volet,
1162 3664 1233 3712 tam-'

146 3736 340 3795 detur,quando
356 3738 430 3783 etiam
444 3748 534 3782 nomeu
553 3735 673 3794 exprimi·
697 3749 769 3795 qnam
798 3734 901 3779 Lazarus
920 3732 1026 3790 colligat.
1048 3730 1092 3777 dul
1118 3731 1225 3781 similem

146 3809 197 3861 tur.
208 3806 260 3852 Non
277 3804 354 3850 otiose
366 3806 447 3850 autem
458 3803 500 3849 hic
512 3802 615 3849 divitem
625 3804 674 3849 Do-
698 3803 768 3857 illum
777 3803 850 3861 puto,
860 3799 904 3860 qui
912 3811 988 3847 caesus
999 3797 1089 3858 saepius
1099 3810 1112 3845 a
1123 3800 1223 3864 ludaeis,

147 3875 229 3921 miuus
236 3871 391 3932 perfunctum
402 3871 497 3917 deliciis
507 3870 672 3928 secularibus,
697 3870 729 3918 ad
736 3868 880 3928 patientiam
900 3866 1067 3924 credentium,
1081 3866 1106 3913 et
1117 3869 1224 3914 vocatio·

148 3943 173 3988 in
185 3942 309 4001 perpetuae
327 3939 399 3986 tamis
410 3939 473 3998 apud
481 3937 572 3986 interos
583 3937 672 3985 consti·
697 3948 753 3984 nom
769 3935 880 3995 gentium
891 3936 973 3981 ulcora
989 3934 1027 3980 sui
1046 3935 1152 3993 corporis
1162 3937 1238 3983 larrr-.

147 4010 228 4070 tutum
249 4008 394 4068 significavit
415 4018 544 4055 aerumna:
564 4006 604 4054 cui
624 4016 672 4053 uon
698 4005 777 4052 benda
788 4003 932 4063 quibusdam
945 4002 1012 4050 volut
1023 4004 1125 4052 cautibus
1138 4004 1227 4055 osteru-

1172 4382 1366 4593 Γ
