2752 4814
219 379 263 426 tls
608 384 733 428 sudori
746 384 910 431 Amneostl

215 462 237 509 si
252 461 440 520 convertantur,
453 474 524 523 posse
541 463 637 523 sanari,
654 465 699 524 qui
714 465 742 512 iu
765 466 926 524 operatricem
941 477 1011 516 snam
1026 464 1127 514 Domini
1142 477 1248 516 manum
1260 479 1298 516 so-

214 531 326 592 passione
352 531 449 579 Domini
471 533 594 580 vulnerati
614 534 688 593 sunt3
711 545 741 581 eo
765 534 850 592 quitur
860 536 1061 595 car03quomodo
1072 535 1221 595 enimait,
1237 549 1297 596 opus

214 598 279 658 «ruod
287 600 560 660 omnopeccatumddoi
568 601 691 661 mysteriis
699 601 741 649 aie
765 603 1298 653 suumcreatorinstaurat.sicetaitbiseco

213 666 306 716 luatur.
765 669 803 716 illi
813 671 1299 733 risus,1utosupraoculoeitlito,quaet

245 733 283 782 67.
294 736 370 785 Tollit
382 749 438 796 ergo
449 738 536 786 Petrus
550 750 644 787 aurem.
660 740 741 798 Quare
765 738 791 785 in
800 743 912 787 naturam
919 739 1031 798 redierit,
1038 739 1196 788 reformatur.
1205 741 1299 788 lubere

214 802 545 866 Petruleuiaipsoestqui
556 807 741 867 aceepitclaves
765 809 909 867 potuit,scd
917 809 1012 868 operari
1021 808 1161 867 maluit3ut
1167 819 1299 867 comosa·

215 872 281 930 regni
293 873 408 920 coelormn
420 887 427 920 r
440 875 483 923 ille
495 876 562 922 enim
576 876 740 934 condemnat,
765 889 818 924 mus
828 877 909 936 ipsum
919 889 972 925 esse
983 877 1026 937 qui
1037 888 1051 924 e
1062 876 1205 925 limoterrae
1214 888 1299 937 corpo·

212 939 255 1000 qui
276 940 302 986 et
318 941 435 1002 absolvit;
450 943 566 1002 quoniam
585 943 652 990 idern
670 946 696 990 et
711 944 741 989 li·
764 943 919 992 rismemhra
931 943 1010 992 nostri
1025 944 1102 992 variis
1112 942 1170 1005 apta
1180 943 1299 992 formarit

212 1008 285 1066 garrdi
302 1010 329 1056 et
343 1011 454 1059 solvendi
470 1011 572 1070 adeptus
582 1013 619 1060 est
634 1011 741 1072 potesta·
764 1010 867 1072 oiticiis,
885 1013 911 1061 et
928 1011 1010 1060 infuso
1027 1011 1112 1072 rigore
1134 1012 1231 1060 mentis
1245 1012 1298 1060 aul-

211 1079 451 1140 tcm.,'i'ollitautem
462 1093 547 1127 aurem
558 1081 622 1127 male
633 1081 741 1128 audien·
764 1080 850 1128 mavit.

163 1141 166 1149 '
212 1146 243 1192 tie
255 1159 262 1191 ε
273 1148 338 1196 tollit
351 1150 433 1196 autem
448 1148 529 1208 gladio
540 1148 740 1209 spiritalitatem
792 1149 830 1197 77.
843 1147 969 1197 Venerunt
979 1159 1037 1208 ergo
1051 1148 1077 1196 et
1092 1146 1294 1208 comprehende·

212 1215 356 1264 interiorem
366 1218 430 1267 mate
441 1217 611 1276 intelligentis.
763 1218 821 1265 runt
839 1230 896 1265 eum
912 1218 956 1279 (v.
975 1215 1005 1264 ot
1016 1214 1044 1279 )‚
1062 1217 1164 1276 gravius
1186 1217 1296 1278 perituri

241 1283 280 1330 68.
292 1285 425 1334 Careamus
441 1298 474 1333 ne
493 1286 533 1333 cui
553 1285 655 1333 tollatur
674 1285 741 1333 auri·
764 1285 837 1333 studii
845 1287 884 1334 sui
896 1286 994 1333 iructuc
1005 1297 1052 1333 nec
1064 1285 1297 1334 intellexeruntiu-

212 1353 275 1400 cula.
286 1354 385 1412 Legitur
395 1355 474 1413 passio
483 1355 626 1402 Dominissi
636 1354 667 1402 ad
677 1354 741 1402 divi·
764 1353 849 1401 felices
863 1353 1022 1412 mysterium,
1043 1365 1090 1401 nec
1106 1352 1225 1400 venerati
1241 1355 1296 1400 suut

211 1420 315 1466 uitatem
342 1422 396 1479 ejus
420 1421 549 1469 referimus
572 1422 740 1469 infirmitatem
764 1421 814 1468 tam
826 1421 973 1469 clementem
982 1421 1084 1480 pietatis
1094 1420 1297 1481 atioctun,quod

212 1501 334 1548 corporee
345 1490 476 1550 passionis,
487 1490 611 1538 exciditur
620 1489 739 1548 auricula,
763 1490 839 1535 etiam
847 1489 929 1537 hostes
940 1499 997 1535 suos
1004 1501 1053 1536 nou
1062 1500 1149 1547 passus
1158 1489 1199 1536 est
1209 1489 1296 1536 vulne·

212 1559 237 1602 et
249 1557 373 1606 exciditur
380 1571 395 1606 a
402 1558 488 1617 Petro,
499 1558 601 1618 quinon
612 1568 695 1617 passus
703 1562 740 1606 est
764 1557 821 1604 rari.
832 1556 872 1603 tlti
879 1556 942 1614 justo
950 1557 1054 1603 mortem
1065 1556 1210 1605 interemat
1221 1569 1229 1602 a
1241 1567 1296 1617 per·

210 1624 332 1673 Christum
340 1626 483 1685 prophetam
494 1625 610 1674 estimari
622 1625 681 1672 csed
692 1627 738 1673 Dei
763 1626 903 1674 secutorum
910 1627 1012 1674 vulnera
1022 1627 1068 1673 iste
1079 1625 1193 1674 sanabu-

210 1693 300 1739 Fiilum
310 1694 393 1742 docuit
403 1694 470 1743 fideli
478 1692 630 1742 confessione
637 1693 738 1754 signari.

210 1763 271 1821 Ergo
281 1775 336 1809 cmn
346 1762 450 1821 legimus
457 1762 537 1810 teneri
547 1762 645 1820 lesum,
653 1774 739 1810 cavea-

208 1841 301 1878 musne
311 1832 341 1877 ab
350 1830 615 1889 aliquoaudiamns,et
624 1829 740 1890 putemus
792 1829 831 1875 72.
843 1830 873 1876 nt
882 1827 947 1876 bens
962 1839 977 1875 a
995 1827 1067 1886 longe
1082 1827 1294 1888 sequebaturiom

209 1909 267 1943 cum
278 1896 413 1944 secundum
423 1896 580 1944 divinitatem
594 1895 689 1955 teneri,
700 1897 739 1944 te-
762 1895 873 1954 proxime
881 1895 1027 1954 negaturum
1034 1906 1116 1954 neque
1126 1895 1195 1942 enim
1203 1907 1293 1957 negare

789 1730 870 1770 Itidem.
879 1731 955 1770 Petrus
966 1740 1018 1769 vero
1028 1730 1160 1780 sequebatur
1168 1740 1181 1769 a
1188 1731 1261 1782 iones.

208 1965 263 2012 neri
282 1965 403 2026 invitum,
417 1967 499 2015 teneri
516 1965 587 2025 quasi
604 1964 737 2013 infirmum.
762 1964 924 2022 potuisset,si
935 1964 1029 2012 Christo
1039 1963 1300 2022 proximnsadlrresiso

208 2036 318 2083 'tenetur
328 2038 442 2097 quidem,
454 2037 479 2085 ot
489 2038 517 2086 ut
527 2037 593 2085 dixit
602 2037 738 2096 lohannes,
762 2033 807 2078 set·
818 2032 866 2079 Sed
874 2032 972 2079 fortasse
980 2032 1006 2079 et
1015 2032 1095 2079 inhoo
1105 2032 1177 2080 nobit
1184 2034 1294 2081 mxima

208 2104 297 2161 ligatur
312 2106 447 2153 secundum
462 2105 572 2164 corporis
589 2105 736 2154 veritatem:
761 2099 794 2147 sit
803 2101 965 2148 admiralium
980 2100 1145 2160 reverendus,
1162 2101 1230 2160 quod
1246 2103 1292 2149 uo-

208 2172 361 2219 servanus
373 2173 639 2232 qurrsgntveruums
651 2175 736 2231 meant
761 2168 855 2216 minum
865 2181 914 2216 non
930 2169 1046 2229 reliquo,
1060 2168 1134 2217 eoam
1145 2181 1202 2217 eum
1218 2170 1293 2217 one

207 2240 275 2287 enirn
285 2240 328 2298 qui
339 2241 505 2288 tantummodo
520 2240 643 2290 Christum
660 2242 738 2289 homi·
761 2240 807 2285 ret.
826 2240 903 2289 dietus
922 2241 1016 2288 nature
1034 2241 1085 2299 set,
1103 2251 1160 2287 cura
1175 2239 1290 2299 pietatis.

206 2319 265 2353 nem
282 2308 371 2367 putant
380 2320 387 2355 ι
397 2308 473 2366 ligant
489 2310 532 2368 qui
549 2310 678 2368 praecium
688 2323 738 2358 non
761 2307 889 2367 Alienum,
900 2309 964 2368 quod
973 2309 1044 2356 timet
1053 2322 1061 2355 a
1071 2319 1156 2366 suum,
1164 2307 1229 2366 quod
1239 2319 1290 2355 nou

206 2376 310 2434 putant,
325 2376 368 2436 qui
382 2377 577 2436 omnipotentem
594 2389 645 2427 non
662 2380 738 2426 conti-
761 2375 831 2434 fugit.
843 2376 912 2435 Quod
923 2378 1047 2436 sequitur,
1061 2376 1215 2424 devotionis:
1224 2375 1290 2435 quod

205 2444 299 2490 teutur.
311 2445 372 2491 Mala
382 2445 481 2492 vincula
491 2446 631 2495 ludaeorum
645 2447 736 2507 quibus
761 2446 1012 2505 neganooreptionis.
1021 2447 1168 2504 Commune,
1180 2445 1249 2504 quod
1257 2445 1290 2491 ls-

205 2523 256 2557 non
274 2512 398 2560 Christum
409 2512 498 2574 ligant,
515 2514 559 2561 sed
574 2515 666 2576 seipsos
682 2517 737 2563 alli·
761 2512 827 2561 bitur
847 2527 855 2558 r
876 2514 948 2573 fidei,
970 2513 1034 2574 quod
1050 2512 1164 2572 poenitet.
1184 2512 1241 2559 lum
1264 2512 1288 2558 in

203 2582 271 2640 gant.
282 2582 505 2641 Ligaturautemin
513 2582 585 2632 domo
593 2597 642 2630 non
650 2585 685 2644 pii
694 2585 737 2633 ati·
761 2582 831 2629 domo
841 2583 960 2642 principis
976 2582 1128 2629 sacerdotum
1143 2581 1208 2640 ignis
1218 2580 1287 2627 arda-

204 2651 276 2708 cujus
288 2651 312 2698 et
318 2651 392 2709 iusti,
402 2651 446 2699 sed
456 2651 484 2699 in
494 2652 567 2699 domo
574 2653 680 2712 Caiphae,
690 2653 736 2700 hoc
761 2651 801 2697 bat
811 2649 851 2712 (v.
862 2649 908 2712 55)
921 2664 928 2696 ε
942 2651 1044 2697 accessit
1053 2651 1152 2707 Petrus,
1163 2649 1191 2695 ut
1202 2649 1289 2696 catela-

205 2720 255 2778 est,
268 2721 294 2766 in
302 2721 378 2779 impia
389 2720 477 2779 domo,
490 2721 532 2768 ubi
545 2721 620 2768 etiam
632 2722 734 2769 moritu·
760 2720 827 2766 ceret
847 2732 888 2778 se;
907 2720 964 2778 quia
984 2719 1067 2766 clauso
1086 2718 1208 2776 Domino,
1224 2718 1288 2766 calor

204 2800 246 2834 rus
263 2801 307 2845 pro
320 2789 444 2836 'omnibus
469 2789 640 2847 prophetatur.
658 2789 735 2845 Quum
760 2787 849 2834 mentis
859 2788 934 2834 etiam
943 2788 967 2834 in
979 2788 1032 2846 ipso
1042 2785 1183 2833 refrixerat.

205 2855 316 2900 unientes
325 2854 400 2913 igitur
407 2855 449 2913 qui
458 2855 578 2902 beneficia
588 2855 671 2903 divina
679 2868 735 2903 con·
789 2856 827 2901 75.
843 2855 907 2914 Quid
922 2855 968 2903 sihi
980 2856 1033 2903 vult
1048 2853 1113 2915 quod
1130 2855 1214 2914 prima
1233 2865 1288 2901 eum

203 2923 317 2980 litentur,
326 2923 351 2969 et
361 2922 537 2972 beneficiorum
547 2924 672 2972 auctorem
679 2937 735 2984 per·-
758 2923 839 2982 prodit
854 2925 942 2971 ancilla
954 2922 993 2985 (r.
1004 2921 1066 2986 56),
1076 2936 1133 2972 cum
1143 2922 1193 2971 viri
1204 2921 1288 2981 utique

203 2989 355 3047 sequunturi
757 2992 833 3051 magis
841 3005 899 3040 eum
909 2994 1035 3054 potuerint
1043 2990 1289 3052 recognoscere3nisi

235 3056 733 3120 69.1ue0auramperount,quiaperdi-
757 3061 784 3107 ut
805 3062 831 3108 et
850 3062 896 3109 iste
920 3075 993 3110 sexus
1014 3074 1128 3123 peccasse
1153 3061 1181 3108 iu
1200 3071 1288 3107 necem

205 3124 293 3172 derunt
318 3125 417 3174 auditus
443 3127 591 3186 proiectum.
617 3129 733 3176 Auditum
757 3128 854 3173 Domini
864 3127 1040 3188 videretur,ut
1048 3129 1074 3175 et
1082 3128 1128 3176 iste
1139 3139 1216 3176 sexus
1225 3124 1289 3173 rcdi·

203 3193 277 3239 multi
289 3205 337 3241 non
348 3193 455 3253 habent,
465 3196 507 3255 qui
525 3196 617 3243 hahere
635 3208 662 3244 se
679 3209 733 3243 cre-
757 3197 865 3244 meretur
874 3211 918 3258 per
926 3198 1025 3245 Domini
1033 3195 1226 3257 passionemiEt
1234 3195 1288 3242 ideo

204 3260 274 3308 dunt.
286 3263 314 3308 ln
324 3262 432 3310 Ecclesia
446 3275 531 3311 omnes
544 3263 652 3321 habent,
663 3265 732 3312 extra
756 3265 845 3312 mulier
871 3265 1058 3313 resurrectionis
1082 3265 1175 3325 accipit
1207 3265 1289 3324 prima

202 3330 337 3377 Ecclesiam
363 3341 414 3378 non
434 3331 535 3379 habent.
559 3331 607 3379 dut
630 3330 732 3380 tortasse
756 3333 913 3393 mysterium,
922 3335 947 3381 et
957 3331 1198 3393 mandatacustodit3
1208 3334 1237 3380 ut
1245 3345 1290 3380 ve·

206 3398 259 3447 ideo
270 3411 354 3446 aurem
361 3399 420 3446 tulit
431 3411 480 3458 ;ue
490 3400 596 3460 amplius
604 3401 733 3460 delinque·
755 3402 1044 3462 teremproeraricationie
1052 3402 1290 3451 abolereterrorem·

117 3466 121 3473 ’
206 3468 459 3527 nestorianosque
474 3469 558 3516 audita
568 3481 666 3517 servare
681 3482 731 3517 non
786 3468 824 3516 lt.
832 3473 917 3518 Petrus
925 3483 981 3528 ergo
990 3471 1099 3529 proditus
1107 3472 1182 3530 negat
1189 3466 1228 3532 (v.
1237 3470 1288 3533 57);

181 3554 186 3587 t
202 3537 309 3597 possent.
319 3536 358 3584 Sic
366 3537 392 3584 et
399 3535 530 3596 aliquando
540 3537 651 3584 confudit
667 3539 731 3584 Deus
756 3551 874 3596 ponamus
891 3538 957 3584 enirn
975 3550 1077 3597 negasse
1096 3539 1212 3598 Petrum,
1230 3542 1290 3600 quin

202 3606 299 3667 linguas
307 3605 489 3655 exstmentium
496 3604 643 3666 turrem,ne
654 3618 681 3653 so
689 3619 733 3653 au·
755 3605 818 3652 dixit
838 3605 956 3652 Dominus
975 3620 982 3653 :
1004 3609 1049 3652 Ter
1068 3619 1105 3653 sue
1124 3607 1245 3667 aequom?
1261 3610 1291 3658 Et

201 3675 283 3723 duent
294 3677 389 3735 etopus
398 3687 448 3723 suae
458 3674 593 3735 impietatis
605 3676 731 3736 augerent.
755 3675 818 3721 maio
829 3686 928 3734 negasse
940 3674 1055 3732 Petrum,
1066 3687 1139 3733 quam
1152 3676 1290 3724 Dominum

230 3745 270 3791 70.
280 3744 474 3804 comprehende,
486 3744 507 3792 sl
517 3745 600 3805 potos,
611 3746 731 3804 quomedo
755 3743 880 3791 fefellisse.
890 3742 954 3800 Quid
964 3739 1080 3800 negavit?
1089 3743 1162 3800 Quod
1172 3745 1291 3803 promisit

202 3810 233 3856 ad
251 3811 359 3860 dextere
378 3813 490 3860 salutaris
508 3813 633 3860 adtacturn
653 3812 731 3871 fugiat
755 3813 860 3859 incaute.
873 3810 1036 3858 Deuotiouem
1046 3810 1229 3872 consideravit,
1240 3826 1292 3861 non

202 3877 279 3935 dolor,
293 3880 319 3927 et
328 3881 431 3929 vulnera
442 3893 492 3928 non
500 3881 679 3927 medicamento
688 3881 731 3926 ad·
754 3882 864 3939 respexit
882 3880 1055 3928 conditionem.
1076 3880 1208 3941 dlultatus,
1231 3884 1291 3943 quia

202 3942 299 4006 spersa,
325 3947 369 3994 sed
391 3948 459 3996 tactu
480 3948 584 3995 obducta
604 3948 729 3994 saisentur.
754 3948 818 3994 dixit
828 3961 854 3995 se
865 3949 972 3996 animam
982 3960 1074 4007 ponere
1084 3962 1092 3996 a
1104 3948 1171 4008 quod
1181 3962 1234 3998 uon
1242 3951 1292 3999 hu-

202 4014 357 4078 Operatorem
379 4028 450 4066 suum
467 4017 541 4077 linus
560 4015 683 4077 agnoscit,
703 4017 729 4064 et
753 4029 830 4065 marias
847 4017 1012 4077 infirmitatis,
1023 4018 1067 4067 sed
1082 4017 1173 4069 divinae
1185 4021 1226 4072 eet
1244 4032 1292 4083 po·
