2752 4814
212 388 244 438 lu
525 369 527 373 ⁴
593 394 717 440 senem
735 393 895 439 sunnosu

212 471 383 522 auctoritatem
394 471 473 523 divini
484 475 603 523 sermonis
612 475 737 534 adscisce,
764 474 880 522 retusum.
902 473 1006 522 lidstrue
1027 486 1084 535 erpo
1105 486 1153 535 pen
1175 475 1296 527 historias

213 545 239 588 ot
248 541 392 600 promissum
401 541 455 600 eins
464 541 598 591 adrentum
608 542 738 602 prophete·
763 544 903 590 Graecorum
916 542 963 591 lroc
981 541 1056 590 iulsse
1074 544 1205 604 posslnllo,
1226 545 1293 599 sicut
1319 593 1324 606 ,

211 610 738 671 rumrocedesipns:resurrectionemque
764 610 889 658 interdum
908 611 982 658 etiam
998 611 1126 671 Apostolus
1144 612 1232 660 suadet
1251 613 1293 660 in·

211 690 261 740 que
275 679 354 727 multo
370 679 429 727 ente
439 679 591 740 compertam
600 679 738 739 scrlptura-
763 680 891 727 credulis:
903 691 949 727 nec
967 692 1052 728 versus
1063 681 1173 740 poeticos
1183 681 1291 743 retegit,

211 759 267 795 rum
277 747 426 796 testimoniis
436 747 552 808 edoceto,
562 760 612 795 non
622 749 737 796 usitatam
762 747 791 794 ut
801 746 896 796 tabulas
911 747 1019 796 destruet
1034 750 1172 809 poetarum.
1185 749 1210 796 Si
1223 751 1291 798 enim

175 813 177 819 '
211 828 269 864 cum
284 817 381 864 caeteris
397 817 471 876 etque
487 829 655 878 communem3
666 818 694 864 ut
711 817 738 863 in
762 815 893 864 revocetur
904 817 930 863 in
941 817 1086 864 memoriam
1096 818 1162 877 quod
1180 820 1291 881 legiones

211 887 265 946 lpse
272 885 385 934 susciiuii
396 885 503 949 corporis
511 887 658 946 adsertione,
665 887 738 934 aeier-
762 894 827 943 saepe
838 885 863 932 et
871 897 971 945 magnos
978 886 1092 946 populos,
1099 887 1187 936 oblatis
1195 888 1291 950 sliquo-

209 968 249 1004 nae
266 955 435 1004 testimonium
456 956 595 1006 divinitatis
613 956 736 1016 adquiras.
762 966 817 1000 rum
842 948 989 1014 mortibus,
1012 954 1121 1002 historias
1148 958 1290 1007 Graeeornm

209 1025 271 1071 cnm
286 1023 353 1072 enim
370 1026 513 1072 ceterorum
524 1037 626 1086 corpora
637 1037 738 1084 eorrup-
762 1024 876 1072 sdserant
884 1023 1000 1072 liberatos
1012 1037 1020 1071 r
1033 1023 1054 1071 si
1067 1025 1210 1073 recordetur
1225 1026 1292 1087 quod

209 1092 303 1140 tionem
323 1093 466 1153 probaveris
486 1093 589 1144 subiisse
603 1093 658 1152 post
672 1105 737 1141 mor-
763 1093 917 1153 imperatoris
941 1093 993 1140 tilia
1021 1093 1122 1153 propter
1148 1095 1290 1145 Grecornm

209 1163 275 1220 tem,
285 1161 352 1210 lrunc
362 1162 448 1222 utique
459 1162 490 1209 de
501 1175 550 1227 quo
561 1161 653 1210 dicitur
664 1173 671 1207 ε
682 1163 737 1209 llos
763 1161 888 1208 exercitus
902 1160 1083 1210 trmslerendos
1093 1161 1125 1208 sd
1142 1162 1290 1214 sacrificium

208 1231 275 1280 doliis
281 1234 392 1280 Sanctum
399 1235 466 1279 tuom
473 1234 549 1280 uidere
554 1232 736 1292 corruptionem,
762 1229 794 1276 sit
805 1231 892 1278 vocata
904 1243 910 1276 :
922 1231 942 1277 si
954 1231 1063 1278 nostrum
1075 1229 1139 1278 iilud
1149 1232 1291 1282 considere-

209 1299 352 1359 comprobss
363 1300 478 1347 humanm
493 1298 634 1358 tragilitatis
645 1311 737 1359 exper-
762 1299 995 1360 missorumque
1000 1303 1122 1348 lauronem
1130 1303 1152 1348 ct
1160 1301 1289 1361 lurcorum,

208 1370 260 1416 iem
268 1401 277 1426 ,
291 1368 379 1427 probas
394 1369 507 1415 humanm
522 1367 670 1415 conditionis
683 1378 737 1413 me·
762 1369 849 1416 ricinis
857 1368 934 1414 rotule
947 1368 1067 1428 odspcrsscs
1078 1369 1213 1428 inquinatos
1222 1383 1290 1417 sosc-

208 1436 257 1484 rite
271 1448 471 1498 supergressum,
490 1438 542 1483 Deo
567 1435 645 1497 magis
662 1431 736 1497 ouem
762 1437 975 1495 tiflcetodcerncm
990 1437 1290 1494 manuducerentur

114 1529 118 1539 ·
209 1499 350 1553 homiuibus
361 1504 544 1554 conterendum.
654 1522 659 1534 ·
762 1504 878 1552 liebraeos
901 1505 1019 1564 seriptum
1036 1505 1082 1552 est.
1100 1505 1126 1551 Sl
1143 1506 1288 1567 pestilentia

238 1575 292 1622 lul.
303 1574 373 1636 Quod
381 1575 401 1622 si
412 1574 445 1621 ad
457 1574 609 1622 sacramenta
622 1573 735 1622 fidelium
761 1575 887 1638 regionum
897 1575 1019 1635 aliquibus
1024 1574 1152 1621 hominurn
1164 1574 1288 1624 contrusis

208 1643 315 1691 tendens
326 1644 516 1692 catechumenus
525 1644 674 1692 imbuendus
687 1642 735 1702 eii,
761 1642 868 1704 peccetis
878 1642 970 1701 ,unius
983 1642 1087 1707 alicuius
1103 1642 1184 1690 morte
1194 1643 1289 1694 adsui

158 1703 164 1714 ’
209 1711 341 1760 dicendum
356 1712 414 1772 quia
428 1725 492 1760 unns
508 1714 621 1761 estlieus
639 1724 672 1760 cx
687 1725 736 1773 quo
762 1714 803 1760 tur
822 1723 875 1759 esse
892 1713 1017 1771 resolute3
1041 1711 1107 1772 quod
1132 1713 1176 1760 aut
1193 1712 1287 1761 ratione
1310 1742 1313 1747 -

109 1804 112 1812 ·
208 1781 301 1841 omniu,
310 1780 336 1828 et
342 1793 406 1833 unus
413 1781 483 1828 lesus
491 1781 600 1829 Christus
608 1793 653 1841 per
660 1793 736 1841 quem
761 1779 908 1841 praeralnit,
919 1781 962 1828 unt
972 1779 1130 1839 dispositione
1147 1781 1288 1840 convaluit,

208 1848 291 1897 omnis
303 1861 310 1894 c
321 1860 371 1896 non
382 1848 442 1895 dnos
458 1849 568 1897 dominos
579 1860 636 1896 esse
650 1847 736 1897 dicen·
761 1862 809 1911 quo
820 1849 917 1896 lucilius
931 1849 957 1894 in
973 1860 1072 1895 crucem
1084 1847 1182 1895 Domini
1200 1850 1288 1897 crede-

208 1917 271 1966 dos:
284 1917 423 1982 perlectum
438 1918 539 1983 quidem
550 1917 664 1976 Patrem,
678 1929 736 1979 per-
761 1919 831 1967 retnr
842 1932 849 1965 ε
862 1917 972 1978 proclive
987 1917 1036 1965 erit
1045 1918 1075 1965 ut
1088 1917 1131 1976 qui
1143 1929 1187 1964 ens
1196 1930 1290 1977 negare

207 1985 300 2034 lectum
307 1999 360 2035 esse
367 1986 487 2034 etlilium
494 1997 501 2044 3
508 1987 551 2034 sed
558 1985 633 2033 unius
639 1987 736 2033 Patrem
760 1999 809 2034 non
819 1987 934 2047 possunt,
945 1986 1027 2033 nostra
1038 1985 1187 2032 confirment.

208 2056 340 2107 etlilium
361 2069 414 2105 esse
439 2056 582 2109 substantie
601 2055 736 2102 rVerbnm
791 2056 845 2104 lus.
861 2054 909 2102 Sed
923 2056 1040 2115 quonism
1057 2054 1140 2101 nuilus
1157 2051 1288 2101 hominurn

208 2125 329 2172 aternum
340 2125 426 2172 aeterni
436 2125 496 2183 Dei,
506 2136 556 2171 non
566 2123 631 2184 quod
642 2123 737 2183 proter·
761 2123 842 2171 tentus
859 2135 912 2170 esse
926 2123 1021 2183 potuit,
1039 2122 1084 2182 qui
1093 2121 1169 2170 totius
1185 2123 1286 2182 peccate

207 2193 264 2250 tur,
274 2191 319 2239 sed
328 2193 394 2251 quod
404 2193 532 2252 operatur3
544 2203 576 2238 ex
584 2193 654 2251 petre
665 2191 736 2251 geni·
761 2191 859 2239 tolieret
876 2191 976 2249 mundi‚
986 2203 1067 2251 neque
1087 2190 1187 2250 Enoch,
1204 2203 1286 2251 neque

207 2262 275 2320 tum,
295 2272 346 2310 non
365 2255 431 2309 voce
450 2260 555 2308 editum.
571 2259 736 2307 l‘rolrineniur
760 2260 894 2319 Abraham,
905 2259 1125 2319 nequelsasc,qui
1136 2259 1197 2306 licei
1213 2261 1286 2307 morti

208 2340 266 2388 ergo
275 2328 378 2392 apostoli
389 2329 556 2388 evangelizare
568 2340 627 2376 eum
637 2329 683 2376 liei
695 2329 736 2376 ii·
760 2342 787 2377 se
806 2328 937 2388 obtulerit,
948 2328 1059 2376 servatus
1068 2329 1152 2375 umen
1166 2329 1218 2388 est3
1229 2327 1287 2389 quia

206 2396 284 2457 lium,
296 2397 326 2445 nt
342 2397 540 2458 evangelizarent
553 2397 637 2463 postea
654 2397 736 2446 cruci-
761 2397 842 2446 omnia
869 2409 918 2444 non
943 2397 1040 2458 poterat
1064 2397 1163 2444 abolere
1184 2397 1286 2457 peccate

206 2467 297 2516 uxum.
308 2469 366 2519 liaec
377 2468 414 2515 est
424 2466 481 2514 iidei
493 2467 583 2528 glorie,
593 2466 615 2514 si
625 2477 684 2514 rere
695 2467 735 2514 in·
762 2465 832 2529 (quis
849 2466 916 2513 enim
926 2466 1009 2514 tantus
1026 2465 1115 2521 homo,
1133 2465 1161 2511 in
1173 2478 1222 2526 quo
1233 2478 1287 2514 onr-

207 2538 305 2598 ielliges
325 2549 424 2585 crucem
445 2537 544 2585 christi.
563 2535 624 2584 lilim
647 2548 735 2584 cruces
751 2531 1287 2595 ‘niumpeccutemorerenturiiidcirconon

206 2605 273 2652 nihil
288 2605 351 2653 mihi
368 2605 486 2664 prosunt,
503 2604 555 2652 sola
573 2616 635 2651 crux
644 2604 734 2651 christi
760 2616 824 2651 unus
834 2616 848 2651 e
858 2605 931 2663 plebe
940 2636 948 2663 ,
956 2614 1005 2649 non
1014 2612 1080 2648 unus
1091 2613 1232 2662 enumero,
1243 2604 1287 2651 sed

206 2673 271 2722 mihi
282 2674 351 2724 utilis
359 2674 410 2732 est,
420 2673 446 2721 et
456 2685 514 2721 vere
523 2674 733 2739 utilis,l>ccooc·m
760 2673 835 2721 lilim
848 2673 894 2720 Dei
904 2684 918 2719 s
928 2674 979 2720 lieo
989 2671 1060 2719 Patre
1071 2671 1165 2719 eiectus
1176 2673 1227 2732 est,
1244 2673 1289 2733 qni

191 2766 195 2770 *
206 2745 266 2792 milti
276 2745 375 2796 mundos
385 2744 510 2800 crucifixos
522 2745 569 2800 cri,
580 2745 602 2789 et
613 2755 653 2802 epo
663 2755 734 2788 murt-
750 2751 816 2790 ¹cum
827 2753 899 2806 supra
915 2753 999 2788 omnes
1016 2740 1096 2798 esset,
1111 2751 1156 2799 pro
1173 2740 1288 2788 omnilrus

207 2815 246 2860 do.
258 2811 282 2856 Si
294 2811 359 2857 mihi
367 2810 499 2857 crucifixus
509 2812 546 2856 est
554 2810 672 2868 mundus,
683 2810 735 2857 scio
760 2822 786 2857 se
796 2811 878 2870 posset
888 2809 977 2857 otierre
989 2821 1079 2869 rquenr
1089 2807 1155 2855 mori·
1162 2808 1288 2867 oportuit,

207 2879 265 2938 qnia
273 2880 384 2926 mortuus
394 2879 444 2937 est,
452 2878 585 2938 nondiligo
596 2891 653 2926 eum
666 2879 734 2927 :scio
751 2875 789 2924 ‘ut
803 2876 936 2926 comesset
950 2876 1036 2925 tortior
1046 2877 1138 2937 morte,
1151 2876 1212 2924 allos
1220 2876 1288 2924 lihe-

206 2947 266 3006 quia
280 2947 402 3007 preterit,
423 2959 472 2994 non
487 2947 634 3008 concupisco
649 2961 707 2996 eum
725 2962 732 2995 c
759 2947 962 3007 raret,Focius...
973 2947 1035 2993 inter
1044 2937 1148 2993 morioris
1157 2949 1206 2993 sine
1217 2945 1288 3004 odio·

207 3015 258 3063 scio
281 3016 340 3076 quia
361 3017 500 3077 corruptele
526 3017 648 3065 consumit
665 3017 732 3065 hunc
760 3015 900 3072 ericodes,
918 3013 1124 3071 sineadjumento
1134 3012 1288 3061 scilicetne·

207 3082 340 3143 inondum,
359 3084 428 3144 quasi
447 3083 560 3131 ioetidnm
576 3084 645 3142 rito,
663 3084 733 3145 qussi
759 3083 846 3143 minis,
864 3085 906 3132 sut
923 3083 1027 3142 alicujus
1045 3084 1179 3142 creaturae,
1195 3081 1287 3130 illiers

207 3149 274 3197 luem
286 3161 374 3209 cereo,
383 3149 451 3210 qussi
462 3151 601 3199 nociturum
608 3153 732 3213 relinquo.
750 3155 846 3202 morte.
858 3154 887 3200 Et
904 3154 968 3201 bene
985 3153 1063 3211 liber,
1074 3152 1117 3212 qui
1137 3152 1287 3200 servitutem

237 3219 289 3267 lus.
301 3219 349 3266 Sed
359 3232 408 3267 non
418 3221 501 3268 stetim
510 3233 556 3281 per
567 3233 665 3269 crucem
677 3235 734 3282 pos-
751 3222 923 3283 'cupiditetnm
933 3222 1035 3282 repullit
1048 3221 1134 3270 mortis
1144 3220 1227 3268 vincia
1243 3232 1288 3269 nc-

207 3287 266 3334 snnt
285 3286 362 3348 aliqui
389 3289 491 3338 credere
516 3290 622 3338 salutem
642 3290 840 3341 mundosscivit.
970 3282 974 3289 ’

484 3549 666 3627 LIBER
706 3549 1005 3630 SEPTIMUS..

692 3729 807 3747 a*

206 3834 233 3874 V.
243 3836 273 3872 2⁷.
283 3836 688 3885 iiicosulemvolsis,reresuntsiiqui
698 3835 734 3874 iric
757 3838 830 3896 erigit
849 3839 933 3885 futura
950 3838 1087 3897 'mamm’
1104 3839 1178 3898 atque
1196 3839 1291 3886 „mem

228 3890 538 3990 effiqssffffifffffffflu
547 3893 653 3930 ΝΜ·
667 3888 734 3927 “⁰⁰⁰⁰
757 3907 911 3964 saecularium
921 3919 1004 3954 rerum
1014 3907 1087 3954 docet
1105 3920 1158 3955 esse
1173 3906 1288 3953 contern-

246 3990 249 3995 '
757 3973 810 4018 tum
828 3985 835 4017 ε
854 3972 889 4020 ita
907 3975 982 4020 etiarn
1003 3973 1174 4020 iniirmitstem
1193 3975 1289 4025 mentis

236 4035 261 4083 l.
272 4008 377 4086 sennenn
387 4037 503 4086 muninus
517 4039 581 4086 sicut
591 4036 622 4086 nd
633 4036 736 4099 premia
758 4039 871 4088 humane
899 4041 1057 4101 presentium
1085 4041 1293 4098 remuneratione

78 4306 235 4527 s
