2752 4814
403 395 446 440 DE
463 388 676 447 vtueiutuus,
694 392 792 440 tisun
806 391 839 437 tl.
1119 390 1169 440 δῦ

85 473 166 538 virgo,
187 475 209 525 si
227 488 335 525 amorem
352 475 440 538 petast
452 475 615 534 'tolerabilius
639 486 673 524 ne
681 473 783 536 patiaris
794 471 915 524 incestum
923 470 1107 535 sacrilegium
1117 488 1166 533 non

74 546 123 592 ost
134 546 246 593 mentem
263 542 403 605 virginem,
423 556 497 604 qum
514 556 614 595 caruem
638 542 1047 604 pessuscslurtum.llanodlcutur
1057 543 1084 591 et
1099 555 1166 592 nuuc

85 607 332 672 haheretltrumene
342 611 448 672 honum,
459 611 479 659 ci
488 612 563 660 liceat
574 623 582 657 r
592 611 614 658 si
637 622 727 658 nomen
741 611 835 669 .tuum;
851 610 882 658 ut
896 623 952 670 que
968 609 1001 658 ad
1017 608 1166 658 adulterium

85 692 135 728 non
145 681 235 741 liceat,
249 680 336 729 saltem
349 693 399 728 non
419 680 512 729 homini
527 680 614 738 castae,
638 679 713 738 veni,
723 677 792 738 virro
801 677 935 726 diamani

85 747 129 796 sed
137 749 188 796 Deo
198 747 283 796 umus.
294 749 325 795 ut
334 748 418 797 limat>
426 747 547 797 meretrix
556 747 613 807 tuit,
667 745 708 795 is.
716 746 766 794 Vix
773 746 939 806 compleverat
946 758 1061 807 precem
1070 747 1096 794 et
1107 758 1167 794 occe

85 816 130 863 sed
149 816 280 877 postquam
298 817 353 865 Deo
370 816 491 877 credidit,
509 817 613 865 mrem
638 816 677 864 vlr
697 817 788 871 ,militis
809 817 894 877 specle
917 816 1038 865 terribilis
1067 816 1166 877 irrupit.

85 882 192 934 invenit.
204 887 234 933 ut
243 885 330 941 iudith
339 898 380 945 se,
395 888 425 934 ut
439 886 550 934 adultero
560 886 614 945 pla·
637 884 847 943 Quemadmodum
857 897 915 933 eum
925 885 995 944 virgo
1004 885 1115 944 tremuit,
1124 886 1165 934 cui

84 954 167 1013 ccrct,
187 953 298 1013 ornartt3
317 959 371 1014 quai
389 954 473 1002 tumen
491 953 615 1014 quiahoc
637 953 742 1014 populus
763 953 871 1001 maneus
889 950 977 1000 cessitt
996 951 1044 999 Sed
1059 965 1108 1000 non
1122 952 1172 1000 illa

84 1019 218 1080 religione,
233 1033 283 1069 non
302 1032 386 1068 rmore
402 1021 525 1081 iaciebat,
540 1033 614 1068 nemo
637 1020 767 1069 immemor
781 1020 894 1070 lectionis
907 1032 914 1068 a
926 1021 956 1068 lit
965 1020 1066 1081 Daniel,
1075 1021 1169 1084 iuquit,

85 1099 140 1136 cam
151 1089 285 1137 adulteram
294 1088 427 1148 iudicarit.
438 1090 505 1138 Dens
516 1101 613 1137 sncces-
637 1090 788 1152 supplicium
799 1090 915 1138 Susanna
927 1088 1083 1150 spectaturus
1093 1091 1168 1138 adve-

84 1155 276 1216 attexemplum.
284 1159 345 1206 Nam
355 1157 378 1205 si
389 1158 432 1205 illa
442 1170 613 1218 quaisccom-
637 1158 709 1206 uerat
727 1171 734 1205 a
753 1160 780 1206 et
799 1171 872 1220 quam
893 1159 999 1218 populus
1024 1156 1166 1218 damnarit,

83 1223 152 1272 misit
159 1226 322 1286 religioni,et
329 1226 450 1286 pudorem
468 1225 577 1274 servarit
588 1227 614 1274 et
638 1237 704 1272 unus
713 1220 827 1275 absolvit.
838 1225 921 1274 Potest
929 1226 957 1276 et
965 1226 991 1274 ln
1001 1225 1047 1273 hoc
1058 1226 1111 1287 lupi
1123 1225 1168 1273 ha·

83 1293 354 1354 patriam3lortasslset
367 1306 413 1343 nos
423 1295 544 1346 commuto
554 1295 615 1344 reli-
637 1291 692 1341 hitu
702 1292 755 1341 ovis
762 1294 849 1343 latere.
858 1294 937 1342 llahet
947 1294 975 1342 et
982 1292 1092 1342 Christus
1100 1292 1168 1340 ruric

84 1361 194 1422 monem,
207 1362 360 1410 servabimus
376 1363 451 1411 etiam
465 1363 612 1411 castitatem.
637 1368 675 1411 tes
685 1376 754 1423 suos,
770 1364 813 1425 qut
823 1364 899 1412 etiam
909 1363 1018 1424 legiones
1028 1362 1169 1411 habentui

83 1428 540 1493 Quodsiiudithpudicitiamreliptoui
550 1445 613 1492 pras·
637 1430 738 1482 temese
748 1445 876 1493 percussor
887 1431 1166 1491 intravitlteverearc,

84 1497 151 1546 terre
168 1499 302 1558 voluisset,
320 1500 418 1560 perdita
432 1500 526 1562 patria,
537 1501 612 1550 ctiam
637 1499 733 1560 anima,
748 1500 806 1549 talis
822 1491 887 1549 s‘elet
901 1500 1022 1560 martyres
1036 1497 1128 1548 iacere.
1145 1498 1167 1547 0

83 1565 230 1626 pudicitiam
242 1567 399 1628 perdidisset.
636 1568 720 1629 virgo,
731 1568 791 1618 tides
800 1569 843 1616 tua
853 1571 879 1619 te
887 1569 979 1618 salvam
989 1567 1064 1617 tecltt

84 1680 89 1691 ,
114 1635 611 1702 iti.ltaquetallhusiniormataexemplis,
666 1635 706 1686 29.
717 1638 761 1686 cui
770 1638 859 1687 mtlesc
870 1638 906 1686 lie
920 1649 1002 1698 queso
1013 1649 1117 1699 paveas,
1128 1648 1168 1687 so·

83 1705 157 1755 simul
182 1706 266 1754 aulmo
288 1706 378 1757 tenens
399 1708 476 1756 rerha
497 1709 612 1771 Domini,
637 1719 686 1755 ror.
697 1709 782 1757 l'rater
796 1708 846 1757 huc
859 1708 917 1757 reni
932 1709 1028 1762 salvare
1042 1709 1166 1769 animam,

84 1773 173 1833 quihus
187 1773 222 1822 ait
235 1775 396 1836 :Quicumque
414 1777 542 1837 perdiderit
561 1782 614 1826 ont
637 1787 686 1823 nun
694 1777 809 1836 perdere.
820 1777 895 1825 Serva
909 1788 965 1835 me,
976 1776 1005 1824 ut
1019 1776 1071 1837 ipsa
1081 1789 1167 1827 serre·

83 1856 149 1890 orem
167 1856 234 1892 mern
245 1846 340 1903 propter
358 1856 411 1901 mc,
428 1845 528 1892 inueniet
544 1860 612 1907 com3
637 1842 680 1891 ris.
700 1845 776 1902 Quasi
796 1845 893 1893 adulter
912 1845 1050 1904 ingressus,
1071 1845 1093 1892 si
1110 1845 1166 1906 vis,

84 1910 169 1971 licvit,
187 1909 280 1970 tacuit,
297 1923 329 1959 ne
347 1924 403 1959 eam
416 1912 456 1961 rel
470 1913 612 1971 loquentem
638 1911 728 1971 martyr
739 1911 859 1970 egrediar.
869 1911 1022 1959 Vestimenta
1031 1912 1170 1971 mutemus,
1196 1936 1198 1940 ·
1224 1922 1229 1938 ¹

84 1979 184 2028 adulter
202 1980 299 2028 audiret
321 1993 329 2027 τ
347 1993 395 2029 nec
414 1981 515 2041 pudoris
538 1984 613 2042 clegit
638 1979 788 2028 conveniunt
797 1979 862 2027 mihi
871 1979 963 2038 tua,et
976 1990 1031 2025 mea
1041 1978 1088 2027 tihi
1103 1991 1110 2023 ε
1123 1978 1168 2026 sed

84 2047 218 2107 iniuriam,
234 2047 278 2095 sed
293 2048 383 2106 christi
397 2048 530 2097 recusavit.
542 2051 613 2098 AEstl-
638 2049 741 2107 utraque
752 2047 856 2095 Christo.
867 2048 919 2095 'rua
932 2048 1010 2094 vestis
1021 2059 1062 2094 me
1078 2058 1167 2094 verum

85 2120 151 2163 maie
159 2117 240 2164 utrum
252 2116 389 2164 adulterare
400 2117 509 2177 potuerit
516 2130 612 2180 corpus,
638 2116 741 2164 militem
752 2115 843 2175 faciet,
853 2128 908 2163 mea
918 2115 943 2162 tc
955 2115 1088 2175 virginem,
1099 2117 1180 2162 Bene.

83 2198 140 2246 qun
150 2196 196 2232 nec
206 2197 291 2233 rocem
302 2185 457 2235 adulteravit.
637 2187 665 2234 tu
674 2185 802 2247 vestieris,
813 2197 858 2246 epo
872 2185 961 2233 melius
975 2197 1069 2244 exuar,
1080 2185 1108 2233 ut
1125 2196 1167 2232 me

114 2254 154 2301 iu.
174 2254 319 2302 iamdudum
338 2255 520 2304 verecundatur
535 2256 612 2307 oratio
636 2256 778 2316 persecutor
797 2255 919 2316 agnoscat.
940 2255 1015 2303 Sume
1038 2250 1167 2313 habitum,

84 2335 154 2384 mea,
165 2323 192 2370 et
210 2324 280 2383 qnasi
300 2323 367 2371 adire
387 2324 511 2383 gestamur
521 2325 611 2373 seriem
636 2325 678 2384 qui
686 2323 817 2372 abscondat
827 2324 944 2371 feminam
954 2335 961 2369 ε
971 2322 1098 2384 trade,qui
1107 2334 1168 2370 con·

84 2392 240 2440 criminosam
251 2392 324 2452 atquc
343 2393 477 2452 explanare
488 2391 611 2440 formidat.
637 2394 717 2441 secret
734 2394 876 2453 martyrem.
893 2393 1000 2440 induere
1019 2392 1167 2440 chlamidem

84 2459 613 2520 Clauditeaurem‚virglnes.Duciturpuclta
637 2473 692 2520 quae
702 2462 809 2508 occultet
822 2460 932 2509 membra
944 2458 1062 2517 viminis,
1071 2458 1167 2506 servet·

84 2528 131 2577 hel
149 2528 180 2575 ad
195 2529 307 2587 lupanar.
329 2527 378 2574 Sed
398 2528 495 2587 aperite
514 2541 612 2589 aurem,
637 2541 685 2588 qrre
695 2521 825 2588 pudorem.
836 2527 910 2575 Sume
921 2527 1014 2586 pileum
1023 2527 1089 2585 quod
1099 2525 1167 2584 tepet

82 2596 201 2654 uirgines.
212 2597 301 2644 Christi
316 2596 384 2654 virgo
397 2597 510 2654 prostitui
520 2598 612 2657 potest,
638 2595 732 2653 crines,
750 2593 882 2640 abscondat
899 2605 950 2640 ora.
963 2593 1047 2641 Solent
1065 2592 1167 2640 eruhes-

85 2664 218 2712 adulterari
229 2675 278 2709 non
287 2663 375 2723 potest.
384 2663 537 2723 Ubicumque
545 2665 614 2724 virge
638 2674 695 2709 cere
727 2661 771 2721 qut
796 2661 899 2720 lupanar
927 2661 1083 2709 intraverint.
1103 2661 1168 2710 Sane

85 2732 131 2781 Det
143 2730 323 2792 cst,templum
335 2731 381 2778 Dei
392 2731 430 2780 est
439 2744 446 2779 c
456 2743 501 2780 uec
512 2733 614 2793 lupam·
639 2742 695 2783 cum
705 2741 801 2790 egressa
813 2729 905 2789 lucris,
917 2742 949 2779 ne
959 2730 1076 2789 respicias
1086 2731 1166 2791 retro,
1205 2779 1208 2783 .

85 2801 122 2848 ria
141 2800 259 2848 infamant
276 2800 431 2857 castitatem,
451 2799 496 2848 sed
516 2802 614 2851 castitas
639 2811 732 2847 memor
744 2799 883 2847 uxorisLot
893 2811 948 2858 qnae
958 2798 1071 2847 naturum
1082 2811 1169 2860 suam,

86 2870 162 2918 ctiam
175 2867 223 2916 loci
237 2868 320 2916 ahotet
336 2867 476 2917 infamiam.
638 2868 695 2927 quia
707 2866 845 2927 impudicos
867 2866 927 2914 licet
945 2866 1017 2915 castis
1035 2868 1168 2917 oculisne-

26 2958 30 2962 *
106 2939 155 2996 27.
164 2939 203 2985 Fit
210 2939 296 2998 ingens
306 2938 471 2998 petulantium
483 2951 614 2988 concursus
638 2936 734 2997 spexit,
744 2935 835 2989 amisit·
843 2935 892 2982 Nec
900 2947 1001 2984 vertare
1009 2948 1041 2988 ne
1051 2936 1111 2996 quid
1121 2949 1168 2997 pc·

85 3008 117 3056 ad
135 3007 262 3055 fornicem.
276 3007 369 3054 Discite
388 3008 521 3066 martymm
540 3009 613 3056 mira·
639 3006 691 3060 reat
703 3003 831 3052 sacrificio.
844 3005 893 3063 ugo
904 3016 947 3064 pro
963 3006 989 3052 tc
1000 3005 1104 3056 hostiam
1114 3007 1168 3056 Deo

86 3078 156 3135 cula,
168 3077 258 3124 saneta
273 3075 397 3135 virgines,
414 3073 532 3125 dediscite
549 3077 615 3125 loco-
638 3073 727 3133 reddo,
737 3075 765 3121 tu
776 3085 820 3132 pro
831 3086 870 3120 mc
882 3072 989 3121 militem
1003 3075 1105 3123 Christe.
1118 3077 1168 3123 lla-

85 3158 140 3194 rum
147 3144 406 3193 vocabulaclauditur
416 3144 482 3192 intus
493 3146 613 3207 columba,
639 3141 778 3194 bechonem
788 3140 901 3190 militiam
915 3141 1110 3203 &illitumque
1123 3145 1170 3192 su·

85 3214 198 3275 strepunt
211 3214 341 3275 accipitres
357 3213 417 3260 loris
428 3226 436 3259 ε
449 3214 544 3261 certarit
562 3215 615 3262 sin·
640 3211 736 3269 pendiis
753 3211 842 3259 militat
861 3211 1044 3272 sempiternis:
1064 3214 1169 3263 loricam

86 3283 154 3344 guli,
165 3283 220 3344 quis
235 3281 342 3342 predam
353 3283 450 3342 primus
464 3282 573 3331 invadat.
585 3283 615 3330 lc
637 3279 748 3336 intutis,
756 3291 811 3337 qum
819 3278 923 3338 spiritali
931 3280 1070 3329 munimine
1080 3294 1169 3342 corpus
1208 3335 1210 3339 f

86 3352 130 3400 illa
141 3351 256 3400 munibus
270 3348 302 3397 ad
317 3350 407 3396 coelum
423 3349 524 3407 levatis,
544 3353 614 3408 quasi
639 3345 749 3392 includat
768 3357 775 3390 r
797 3346 893 3393 mutum
912 3345 986 3403 tidoi,
1007 3359 1057 3405 quo
1076 3351 1169 3397 vulnus

86 3421 118 3468 ad
133 3421 230 3467 domum
249 3417 359 3466 venisset
376 3415 506 3476 orationis,
520 3429 569 3463 non
585 3417 615 3463 ad
640 3413 765 3473 repellasa
780 3412 875 3472 paleam
886 3413 986 3472 saiutis3
1002 3413 1038 3460 ihi
1053 3416 1119 3467 enim
1131 3417 1170 3465 cst

85 3488 196 3536 libidinis
207 3487 369 3535 diversorium
381 3484 507 3545 schriste,
520 3485 615 3546 inquit,
640 3480 877 3542 praesidiumnostrae
887 3481 983 3541 salutis,
992 3481 1035 3528 uhi
1043 3482 1170 3535 Christusr¹

86 3555 129 3616 qui
141 3553 256 3602 domuisti
266 3553 365 3602 Danieli
375 3552 467 3613 virgini
483 3551 549 3601 leros
564 3553 616 3601 teo-
640 3551 757 3612 quonlam
774 3549 887 3600 mulieris
903 3552 977 3612 caput
995 3551 1049 3611 vir,
1065 3551 1170 3613 virginio

86 3624 215 3683 ues‚putes
223 3621 299 3671 ctiam
309 3622 408 3669 domare
416 3621 544 3669 hominnm
552 3619 617 3670 teras
640 3620 757 3668 Christus.

86 3695 191 3742 mentes.
203 3690 325 3738 Chaldaeis
334 3690 426 3737 roravit
440 3688 617 3747 ignis,iudaeis
670 3690 710 3736 50.
726 3688 756 3735 Ei
773 3687 840 3736 inter
856 3689 910 3737 haec
927 3688 1003 3736 verha
1014 3688 1168 3750 chlamydem

86 3775 114 3811 se
126 3761 191 3808 unda
200 3758 336 3821 suspendit,
343 3757 561 3806 mhericordlatua
569 3768 617 3804 non
642 3758 721 3804 exult.
740 3756 872 3816 Suspectus
886 3758 970 3804 tamen
980 3756 1061 3804 adhuc
1072 3757 1171 3808 habitus

86 3832 174 3880 natura
183 3841 235 3876 sua.
243 3827 353 3875 smanna
359 3825 390 3875 ad
396 3824 546 3885 supplicium
553 3837 618 3885 genu
643 3826 666 3874 et
676 3825 839 3886 persecutoris
855 3826 882 3873 et
898 3825 1099 3888 adulteritum
1115 3841 1170 3880 cer-

87 3901 157 3959 tlrli,
169 3901 194 3946 et
205 3899 235 3946 de
242 3895 360 3945 adulteris
367 3893 618 3955 triumphavltrarult
643 3894 736 3954 vicem,
747 3893 901 3955 chlamydem
917 3893 990 3941 miles
1003 3893 1099 3943 offerre.
1110 3898 1181 3956 Quae.

88 3968 191 4016 dextera
203 3979 259 4028 quse
273 3962 361 4026 templi
376 3963 413 4012 tut
426 3963 489 4011 dona
499 3962 617 4024 violavit,
641 3974 730 4024 pompa
744 3961 803 4022 illa,
814 3974 870 4023 quae
880 3962 972 4021 matta,
983 3974 1039 4009 cum
1057 3963 1083 4010 in
1102 3965 1171 4024 lupa-

87 4047 153 4086 aurc
163 4034 371 4098 mnmumtpsrm
381 4030 617 4093 adtrectaturtuum,
642 4031 695 4079 nari
712 4031 743 4079 de
760 4030 876 4091 martyrio
893 4031 1028 4079 certarent!
1045 4032 1171 4082 Aditantur
